3334 5176
182 299 240 357 536
683 291 688 302 '
723 315 934 358 usuumuosu.
1284 294 1471 368 Onobmobrr.

185 422 307 506 calycis
338 423 461 490 corolla
479 425 576 490 rosea
596 423 728 490 dimidie
748 425 905 508 longioris
923 422 1050 492 laciniis
1077 423 1194 490 ciliatis
1220 420 1473 522 lanceolata-su·

187 511 310 578 balatis
326 511 405 580 tubo
424 512 589 596 subduplo
604 513 818 596 longioribus
839 515 899 582 alis
923 513 1001 582 tubo
1020 512 1164 595 calycino
1183 511 1240 577 vix
1258 508 1471 612 longronbus,

187 600 310 666 vexillo
337 601 480 666 carinam
499 601 594 666 valde
617 603 799 686 superanti,
830 605 993 686 legumine
1013 620 1114 685 parvo
1134 602 1242 684 calyce
1260 597 1472 680 subtougrore

188 689 350 771 adpresse
376 689 499 758 birtulo
524 690 565 756 ad
593 691 720 757 discum
743 693 905 774 profunde
925 700 958 760 et
983 690 1188 774 inaequaliter
1210 688 1371 754 sovcolato
1394 684 1473 788 sub-

189 777 317 859 iuermi,
337 777 437 845 crista
452 782 589 862 angustat
605 781 752 846 breviter
770 785 827 848 5-6
848 783 1046 850 denticulata
1058 786 1107 850 26.
1129 776 1318 858 Orouforto
1335 775 1423 842 Ster.
1437 791 1474 840 111

189 885 251 932 nc.
268 866 360 932 herb.
380 886 446 934 nou
461 868 539 933 ΜΒ.
559 907 598 915 --
622 867 656 934 0.
679 869 820 936 miruolo
839 871 926 937 Stev.
947 872 1026 939 Mss.

226 973 494 1036 neutralibus
513 979 603 1035 aridis
624 980 722 1036 Rhodi
735 982 890 1053 (Bourgt),
910 982 1089 1038 Macedoniae
1103 979 1199 1050 (unu
1224 976 1281 1033 sub
1303 974 1334 1032 0.
1347 972 1474 1058 secabis

191 1048 566 1130 etpropeThessalonioant
579 1051 709 1123 (Orphl),
721 1053 856 1110 Thraciae
864 1053 975 1122 (donica
983 1050 1332 1176 ttbydiaeadSmKrnaru
1338 1045 1473 1124 (Belesi),

192 1118 322 1174 Gelatrae
334 1120 515 1190 (Wiedemi),
530 1122 649 1178 Pisidiae
666 1123 704 1178 ad
718 1123 835 1194 Egirdir
848 1125 987 1195 (Heldrt],
1001 1125 1110 1179 Cdicrae
1124 1137 1214 1204 supra
1244 1120 1357 1174 lersrna
1369 1115 1474 1186 tBalt),

192 1188 288 1261 Syriae
297 1190 358 1246 bor.
372 1191 404 1246 in
418 1196 516 1246 monte
524 1193 681 1264 Ssoffdegh
690 1195 858 1267 (Haussku,
869 1201 897 1251 et
907 1198 1024 1252 Amano
1036 1210 1128 1266 supra
1142 1192 1246 1248 Berlan
1257 1189 1328 1260 (Ky.
1337 1186 1475 1258 exsldt),

193 1275 285 1334 prope
298 1261 413 1334 Tripoli
430 1262 568 1334 (Boisst),
581 1264 776 1338 Cappadociae
792 1268 897 1337 (Auch.
920 1283 980 1324 exe.
996 1261 1100 1337 10571),
1114 1265 1232 1322 Tauriae
1248 1261 1365 1330 (Stant).

229 1357 392 1430 Legunrine
402 1361 441 1416 ad
453 1362 572 1418 cristam
585 1363 699 1418 minute
712 1364 892 1420 denticulato
905 1365 943 1420 ad
956 1364 1070 1420 discum
1084 1361 1248 1418 subinermi
1265 1358 1362 1415 affinis
1381 1354 1412 1440 Q.
1425 1370 1475 1413 ra·

194 1430 262 1485 tiooe
283 1430 335 1484 sed
354 1430 578 1488 distinctissime
591 1433 715 1490 floribus
727 1434 851 1492 dimidio
864 1435 1038 1506 minoribus,
1053 1434 1165 1490 vexillo
1176 1433 1309 1488 carinam
1319 1427 1475 1486 manifeste

194 1503 361 1572 superante,
375 1501 526 1573 legumine
538 1504 652 1577 2—3·plo
668 1507 789 1562 minore.

242 1723 293 1788 66.
314 1723 358 1792 0.
383 1723 576 1794 cadmea
595 1728 716 1813 (Boios.
736 1729 850 1812 Diagn.
871 1731 941 1794 Ser.
962 1729 987 1811 I,
1012 1731 1043 1808 9,
1060 1747 1091 1812 p.
1119 1728 1178 1810 96)
1207 1728 1368 1811 adpressc
1390 1724 1477 1829 sub-

196 1811 526 1897 sericeo-canescens,
553 1817 703 1884 caulibus
730 1819 994 1898 ascendentibus,
1025 1818 1109 1884 foliis
1142 1817 1342 1900 itt-tl-jugis
1358 1812 1477 1916 sobolis

196 1899 346 1984 oblongis
379 1905 588 1985 superiorum
609 1907 949 1990 elliptico·lincaribus
966 1907 1177 1986 mucronatis,
1197 1905 1296 1990 spicis
1327 1904 1476 1985 oblongis

198 1989 389 2057 luxiusculis
418 1992 596 2060 fructiferis
624 1997 797 2079 elongatis,
833 1995 1195 2082 oulycislglabriuscuti
1231 1994 1351 2060 corolla
1381 1993 1478 2057 rusca

197 2078 293 2142 tertit
309 2081 358 2144 rel
381 2087 498 2163 quarta
535 2091 628 2166 parte
650 2083 814 2152 brevioris
838 2085 963 2150 laciniis
989 2083 1152 2150 subulatis
1172 2083 1290 2150 ciliatis
1309 2081 1389 2149 tubo
1410 2080 1479 2182 34?

197 2165 251 2247 plo
269 2166 482 2252 longioribus,
502 2173 561 2240 alis
584 2174 691 2256 calyce
713 2175 845 2259 i-3plo
865 2173 1081 2253 brevioribus,
1103 2173 1222 2238 vexillo
1242 2173 1361 2238 carinae
1377 2188 1478 2252 auur·

197 2253 304 2338 longo,
325 2258 489 2339 legumine
513 2263 670 2345 adpresse
690 2255 878 2330 tomentelio
899 2262 1018 2344 aalydis
1042 2261 1168 2328 laciniis
1189 2260 1407 2328 subbreviore
1426 2274 1478 2324 se·

196 2342 426 2414 miorbiculatc
449 2349 489 2414 ad
510 2351 636 2418 discum
665 2354 826 2435 profunde
850 2357 882 2416 et
911 2351 1117 2434 inaequaliter
1134 2351 1293 2418 loreolato
1320 2349 1479 2430 utrinque

197 2430 346 2500 breviter
363 2438 594 2519 lad-aculeato,
614 2443 714 2506 cristi
739 2442 827 2508 disco
847 2439 1038 2524 angrrstiore
1057 2440 1093 2504 in
1110 2441 1167 2505 6-6
1186 2441 1316 2505 aculeos
1331 2438 1476 2517 triangu-

198 2521 286 2588 lares
306 2527 469 2606 profunde
489 2528 595 2595 divisa
621 2535 664 2600 2⁴.

234 2633 311 2690 Hab.
330 2637 362 2691 in
378 2639 498 2708 regione
510 2645 655 2696 montana
668 2644 697 2698 et
718 2642 877 2714 subalpint
892 2641 988 2696 Cariae
1001 2642 1032 2696 iu
1056 2641 1156 2696 monte
1173 2639 1287 2695 Cadmo
1308 2655 1398 2712 supra
1421 2637 1480 2693 De·

200 2704 297 2761 nisleb
314 2707 449 2780 (Boisst),
466 2715 566 2768 monte
580 2714 711 2768 Anemas
725 2713 880 2784 Lycaoniae
893 2713 1033 2783 (Heldri).

235 2799 343 2856 Planta
357 2803 469 2876 Vri-lla
483 2806 607 2878 pedalis,
627 2808 713 2864 tiores
733 2807 1212 2879 eisO.sativrapeulo’1ninores·‚
1233 2803 1272 2860 ab
1291 2805 1355 2886 ejus
1378 2801 1480 2884 formis

198 2869 310 2941 calyeis
330 2873 446 2931 laciniis
462 2877 582 2948 longius
602 2880 758 2946 subsistis,
769 2877 929 2950 leguminis
941 2879 1065 2934 minoris
1078 2878 1168 2932 crista
1179 2891 1239 2932 non
1261 2878 1375 2930 rnmute
1388 2873 1482 2930 denta-

198 2941 298 2997 oulata
312 2945 363 3000 sed
375 2947 406 3000 in
420 2947 538 3003 aculeos
546 2949 741 3020 triangulares
754 2957 863 3022 paucos
877 2949 1021 3024 profunde
1034 2949 1143 3022 partita
1155 2946 1356 3018 distinguitur.

245 3039 278 3121 β.
299 3039 551 3122 bogeuculeotu.
568 3081 611 3092 -
630 3045 746 3114 Aculei
765 3047 845 3112 disci
857 3037 898 3113 'et
920 3046 1031 3113 cristae
1046 3046 1198 3128 elongati.

236 3149 312 3206 Hab.
325 3154 601 3228 incollibus'iryciae
614 3175 706 3243 prope
719 3159 827 3216 Elmali
841 3159 963 3230 (Bourg.
976 3175 1038 3217 axs.
1051 3159 1126 3227 921),
1141 3159 1172 3214 in
1187 3160 1288 3240 monta
1300 3155 1448 3240 ArnanoS·
1469 3183 1483 3195 ·

201 3221 253 3276 riae
266 3222 334 3294 (ΚΥ.
348 3240 408 3282 exs.
421 3227 501 3284 3oas
524 3231 606 3286 ecim.
618 3231 766 3302 floruero),
780 3231 950 3287 indumosis
961 3231 1182 3287 OuadielKarn
1194 3229 1361 3285 Antibbanr
1375 3228 1415 3297 (G
1475 3266 1482 3280 .

200 3306 263 3348 exs.
271 3293 342 3350 1780
354 3313 430 3368 spec.
447 3299 486 3354 ob
499 3245 555 3371 leg.
569 3301 728 3359 immatura
744 3303 914 3373 subdubia).

247 3421 277 3484 y.
297 3393 514 3478 microccrpo.
536 3436 576 3445 -
605 3399 795 3482 Leguminis
816 3403 921 3468 aculei
948 3405 985 3466 ut
1003 3401 1037 3465 in
1056 3399 1215 3466 varietate
1242 3395 1483 3482 praecedentes

201 3479 273 3547 basi
294 3483 485 3566 triangulari
505 3487 814 3572 subsisto-elongati
840 3491 928 3556 diseo
948 3505 1036 3572 saepe
1054 3489 1228 3572 aequilongi
1247 3487 1306 3553 sed
1331 3487 1484 3568 tegumen

202 3569 371 3654 floresque
392 3574 545 3642 minores.
563 3615 604 3623 -
619 3576 654 3644 0.
672 3580 781 3644 terroris
800 3579 906 3645 Boiss.
927 3583 960 3645 et
977 3579 1044 3644 Bal.
1064 3577 1178 3660 Diagn.
1192 3576 1262 3642 Ser.
1280 3575 1320 3653 Il,
1339 3577 1371 3656 6,
1383 3596 1415 3658 p.
1430 3575 1482 3640 66.

239 3679 316 3736 Hsb.
335 3681 367 3736 in
386 3681 513 3739 collibus
526 3687 618 3744 aridis
637 3689 673 3742 ad
688 3687 811 3746 Oucbak
822 3689 960 3760 Phrygiae
979 3688 1054 3758 (Bal.
1067 3703 1128 3743 axs.
1143 3686 1251 3754 12161),
1264 3685 1303 3740 ad
1316 3685 1486 3772 Caesareep

201 3750 400 3823 Cappadociae
413 3755 464 3809 alt.
478 3755 654 3814 36666666
667 3759 744 3828 (Bal.
755 3764 784 3816 et
804 3759 859 3832 Κ).
874 3777 934 3816 exe.
948 3759 1051 3833 Suppl.
1065 3759 1134 3814 2621
1153 3757 1210 3814 suh
1223 3756 1254 3814 O.
1267 3753 1483 3832 Kotscbyana).

238 3849 362 3907 Videtur
381 3853 502 3910 omnino
514 3854 611 3910 iorme
625 3855 656 3912 0.
671 3855 810 3914 Cadmeae
821 3873 837 3914 e
850 3857 914 3914 loco
927 3857 1041 3914 sicciori
1053 3855 1202 3924 calidiori,
1221 3853 1303 3926 prius
1317 3855 1347 3908 at
1361 3850 1485 3934 floribus

204 3921 338 3978 nondum
352 3924 430 3979 notis
447 3927 566 3981 erronee
579 3925 671 3982 relata
679 3929 716 3984 ad
729 3927 761 3986 0.
772 3927 999 4003 Kotscbyauam
1010 3927 1125 3984 uexillo
1133 3926 1233 3982 carine
1245 3921 1337 3980 multo
1349 3923 1485 3978 breuiore

199 3995 232 4045 et
244 3989 395 4062 legumine
407 3996 488 4068 apice
501 3999 635 4054 truncato
647 3999 804 4054 diversam.

250 4205 302 4271 63.
323 4205 367 4272 0.
386 4209 504 4278 elata
530 4211 651 4296 (Boias
681 4221 714 4280 et
733 4213 800 4279 Bal.
822 4213 935 4295 Diagn.
960 4209 1030 4276 Ser.
1050 4208 1092 4288 ll,
1112 4211 1146 4290 6,
1164 4228 1194 4292 p.
1212 4206 1271 4292 66)
1298 4205 1484 4305 adpressts·

203 4292 288 4358 sime
300 4312 488 4380 canescens,
499 4303 647 4370 cautibus
660 4303 817 4370 tenuibus
830 4301 967 4383 virgatis
981 4299 1121 4366 ramosis
1134 4297 1259 4365 strictis
1276 4294 1369 4398 vaide
1379 4293 1488 4373 olous,

204 4380 291 4447 loliis
316 4387 536 4454 remotissime
561 4393 718 4476 iii-jugis
737 4391 856 4457 foliolis
876 4387 1217 4472 eltiptico-linearibus
1236 4389 1341 4450 acutis
1353 4399 1490 4486 ,supre-

206 4487 336 4538 morum
366 4479 600 4559 angustissime
624 4481 815 4563 linearibus
847 4474 1042 4563 pedunculis
1070 4475 1251 4594 gracilibus
1274 4473 1490 4554 longrsumrs,
