3120 5162
176 251 213 308 36
707 265 914 308 mouumosm.
1260 249 1449 324 Colycotomc

224 424 252 487 1.
280 421 320 490 G.
339 420 504 488 villosa
520 419 616 506 (Vahl
634 420 743 504 Symb.
767 423 816 496 11,
836 441 866 506 p.
888 425 931 489 80
947 421 1011 486 sub
1028 420 1177 507 Sportio)
1193 421 1294 488 ramis
1311 421 1447 503 strictis,

176 511 295 577 foliolis
318 509 465 576 ohovatis
491 510 618 575 inferne
645 510 853 589 subsericas,
883 509 1020 578 floribus
1049 511 1252 595 padicollatis
1279 510 1321 575 ad
1345 509 1449 576 nodos

177 599 366 682 superiores
382 599 548 679 consertis,
567 600 674 681 calyce
694 599 795 664 dense
825 600 951 681 villoso,
967 600 1186 681 leguminibus
1206 598 1450 680 subtetragonis

174 687 529 753 lanato-hirsutissimis
567 687 809 754 tumidiusculis
841 699 869 766 5.
902 687 1103 770 Calamona
1132 687 1250 753 cttlcm
1281 687 1374 754 Link.
1406 725 1450 736 -

176 775 347 858 spartium
366 775 552 854 lonicorum
569 776 658 841 Desf.
679 775 743 841 Atl.
767 778 818 858 11,
834 797 865 860 p.
887 779 958 843 195.
976 813 1015 824 -
1037 777 1078 843 lc.
1099 777 1145 842 Fl.
1164 775 1266 842 Grac.
1284 778 1349 843 tab.
1371 778 1448 841 679.

174 902 217 913 -
238 864 269 932 C.
289 863 413 931 Cretaeo
428 864 521 929 Presl
541 864 692 930 Bemerk.

208 975 285 1031 Hab.
307 976 337 1031 in
356 976 475 1045 regione
499 975 725 1058 sempervirenti
742 975 864 1031 Graeciae
877 976 907 1030 et
929 977 992 1046 ejus
1016 975 1181 1032 insularum
1194 975 1300 1044 (Sibth.
1315 975 1450 1048 Sprunl)‚
1533 997 1538 1010 ·

174 1045 268 1102 Cretae
281 1046 412 1116 (Bauli),
425 1045 605 1102 Macedoniae
618 1049 647 1101 et
659 1047 807 1172 Bithssmiae
827 1047 932 1116 (Frivl
945 1047 1087 1129 Griselrt)²
1111 1047 1213 1118 Lydiae
1230 1047 1269 1102 ad
1289 1045 1450 1116 Smyrnam

172 1118 249 1244 §aar
272 1133 332 1172 exa.
354 1117 442 1186 1951),
464 1116 650 1189 Pamphylia
672 1123 701 1172 et
748 1119 820 1188 yciae
845 1117 984 1189 (Tabia),
1002 1117 1112 1173 Cilicrae
1135 1118 1173 1172 ad
1195 1117 1325 1172 Mersina
1343 1115 1449 1188 (Ball),

193 1190 258 1260 yria
269 1188 390 1243 littorali
406 1203 497 1260 prope
515 1189 678 1258 Berythum
697 1187 858 1258 (Ehranbl)
877 1193 906 1244 et
927 1189 1065 1244 Sidonem
1085 1188 1214 1258 (Gailll),
1233 1188 1339 1243 Judaee
1357 1203 1450 1260 supra

171 1275 253 1315 mare
266 1259 415 1315 Mortuum
425 1259 558 1330 (Romal),
573 1259 614 1314 Fi.
629 1259 713 1314 Febr.
728 1259 813 1314 Mart.
1475 1273 1478 1278 ’

205 1355 340 1410 Plantam
356 1354 527 1410 orientalem
551 1355 586 1410 ol.
607 1355 688 1410 Presl
728 1370 760 1409 ro
780 1355 874 1426 specie
887 1354 1026 1410 distincta
1050 1353 1155 1409 habuit
1176 1353 1217 1408 ob
1235 1353 1323 1410 flores
1336 1354 1450 1426 saepius

170 1428 299 1482 minores
317 1428 347 1480 et
366 1420 515 1482 bracteam
536 1426 573 1480 ad
594 1371 730 1497 pedicelfi
751 1423 864 1497 apicem
879 1425 1016 1480 trilobam
1029 1426 1129 1496 calyce
1144 1425 1311 1481 breviorem
1324 1440 1380 1480 neo
1399 1441 1452 1480 su·

171 1496 337 1568 bintegram
361 1497 491 1568 calycem
520 1499 696 1568 coquentem,
720 1497 772 1550 sed
803 1496 954 1567 legumina
984 1496 1106 1552 omnino
1136 1496 1240 1551 eadem
1269 1499 1299 1551 et
1323 1497 1450 1568 insuper

170 1569 306 1624 eamdem
323 1568 449 1623 formam
468 1568 585 1622 bractea
602 1567 775 1622 abbreviata
793 1583 829 1622 ex
842 1567 988 1639 Hispania
1001 1567 1104 1622 habeo.

203 1663 252 1718 Ar.
268 1661 369 1733 Geopr.
385 1661 533 1734 Hispania
546 1665 575 1716 et
585 1661 739 1720 Lusitania
751 1661 903 1731 australes,
919 1661 1045 1733 Corsica,
1057 1660 1155 1716 Africa
1172 1659 1307 1716 borealis.

554 1918 748 1992 sarnum
775 1917 822 2014 (ι.
850 1918 925 1994 cen.
955 1918 1048 2011 aas).
1087 1917 1090 1923 “

214 2156 315 2241 Calyx
330 2157 597 2224 membranaceus
616 2157 809 2240 spathaccus
824 2176 968 2241 superne
982 2159 1081 2224 fissus
1099 2159 1299 2228 unilahietus
1315 2161 1449 2228 minute

167 2247 478 2332 quinquedentatus,
492 2247 655 2312 Vexillum
675 2247 818 2328 amplum
833 2247 1058 2322 orbiculatum,
1075 2249 1201 2314 alarum
1223 2248 1348 2330 ungnes
1363 2250 1448 2318 tubo

167 2337 326 2403 stamineo
345 2337 464 2416 adnati,
494 2337 612 2401 carinae
636 2337 742 2418 petala
765 2336 924 2402 distincta.
955 2336 1100 2408 Stamina
1127 2338 1234 2402 omnia
1261 2338 1295 2403 in
1324 2338 1449 2405 tubum

166 2426 313 2490 clausum
337 2430 483 2491 connata.
515 2423 680 2506 Legumen
706 2425 827 2490 lineare
847 2441 1071 2508 compressum
1095 2426 1351 2508 polyspermum.
1384 2428 1449 2494 Se·

165 2514 253 2580 mina
270 2514 512 2596 estroplriolata.
532 2551 576 2560 —
590 2513 776 2579 Arbuscula
789 2513 874 2579 soliis
894 2513 1115 2580 unifoliolatis.

215 2751 239 2814 1.
261 2747 299 2815 S.
324 2749 533 2832 iunceum
552 2746 602 2832 [L.
624 2747 678 2830 Sp.
700 2746 779 2831 995)
798 2749 914 2812 trunco
934 2747 1069 2829 lignem,
1087 2747 1188 2813 ramis
1208 2750 1445 2832 superioribus

163 2837 309 2904 tenuiter
338 2837 462 2902 striatis
489 2837 646 2918 elongatis
673 2836 801 2918 junceis
830 2834 1048 2918 subaphyllis‚
1077 2836 1187 2901 loliolo
1217 2836 1356 2919 oblongo
1387 2843 1446 2908 vel

164 2927 442 3008 lineari-oblongo,
462 2925 599 2992 floribus
623 2926 718 2990 flavis
737 2924 852 3006 amplis
874 2925 909 2988 in
931 2941 1078 2990 racemos
1106 2925 1296 2991 terminales
1327 2927 1446 2995 obion-

163 3034 222 3098 gos
240 3016 439 3081 laxiusoulos
456 3014 634 3097 dispositis
647 3015 809 3094 legumine
826 3013 937 3094 glabro
954 3011 1143 3094 longissimo
1156 3019 1185 3090 5.
1203 3013 1246 3079 10.
1267 3015 1314 3080 Fl.
1333 3015 1443 3085 Grac.

198 3215 274 3270 Hah.
290 3215 320 3269 in
334 3213 460 3270 collibus
474 3213 558 3269 siccis
569 3213 659 3268 totius
673 3213 794 3268 Gracia
807 3216 835 3268 et
848 3211 1048 3282 Archipelagit
1062 3211 1243 3268 Macedoniae
1256 3217 1285 3269 et
1302 3214 1445 3274 Thraciae

161 3285 313 3356 (Gnaeo),
339 3285 489 3357 Bithyniae
511 3284 678 3354 (Thirkal)‚
706 3283 808 3354 Lydiae
830 3283 869 3338 ad
891 3281 1050 3352 Smyrnam
1064 3281 1138 3350 (Bal.
1159 3297 1218 3338 exs.
1237 3285 1325 3354 1911),
1338 3285 1445 3356 Lyciae

161 3355 308 3427 (l'chihl),
321 3356 414 3427 Syriae
427 3358 502 3412 inter
515 3355 678 3424 Berptlrum
690 3361 719 3409 et
735 3353 915 3409 Damascum
935 3354 966 3408 in
987 3353 1100 3408 Libano
1122 3353 1210 3422 (Ehrl
1232 3355 1339 3426 Gailll)
1359 3364 1389 3412 et
1408 3361 1444 3416 in

159 3428 279 3498 regione
295 3427 454 3498 subalpina
466 3429 575 3482 montis
587 3427 717 3480 Hermon
730 3425 778 3480 alt.
790 3425 869 3480 5000‘
883 3425 922 3494 (K
946 3469 951 3480 .
973 3439 1032 3479 eus.
1045 3424 1135 3493 2261),
1149 3425 1300 3480 Palestina
1319 3427 1358 3482 ad
1379 3431 1445 3486 Na-

160 3499 259 3553 zareth
271 3497 396 3568 (Rothi),
409 3497 550 3553 Armenia
563 3497 683 3553 Rossic'et
695 3498 745 3566 (ex
757 3496 883 3566 Ledeia).
934 3537 939 3549 .
952 3495 1048 3564 lunia,
1061 3495 1185 3550 Arabica
1205 3494 1338 3553 Wazam.

159 3595 242 3720 bar.
252 3593 355 3718 Ι110090.
370 3593 480 3650 Insulae
496 3593 699 3663 Caprarienses,
711 3593 791 3662 regio
804 3591 1019 3645 Mediterranea
1035 3593 1125 3646 totius
1141 3590 1268 3663 Europae
1290 3597 1319 3648 et
1330 3594 1372 3648 Af
1387 3596 1444 3652 'aaa

182 3680 250 3720 orea
264 3681 296 3720 rs.

455 3891 733 3986 lllllllllltlloiss.
755 3890 827 3986 loy.
851 3890 916 3966 Bet.
945 3891 1018 3986 lisp.
1042 3891 1136 3974 113).

204 4137 305 4220 calyx
324 4136 528 4220 spathaceus
545 4133 677 4216 Ungues
698 4133 777 4199 tubo
792 4133 949 4199 stamineo
968 4133 1087 4200 adriati.
1108 4135 1253 4202 Stamina
1270 4140 1383 4206 omnia
1402 4142 1442 4211 in

157 4228 275 4294 tubum
301 4225 448 4292 clausum
474 4227 619 4290 connata.
648 4221 813 4302 Legumen
841 4222 992 4287 inflatum
1012 4225 1199 4307 sphericum
1224 4227 1440 4296 relevatum

156 4331 424 4398 monospcrmum
445 4311 725 4379 subindehisccns.
742 4309 873 4374 Semina
891 4311 1131 4393 estrophiolata.
1144 4351 1188 4360 -
1199 4315 1352 4383 Frutices
1368 4320 1441 4401 gla-

156 4403 316 4470 briusculi
334 4402 434 4467 ramis
454 4401 589 4482 virgatis
608 4398 836 4482 ephedroidais
858 4397 988 4464 demum
1008 4401 1158 4482 aplryllis.
