3120 5162
70 273 297 348 amatim.
625 295 831 338 saeuumosn.
1331 281 1368 340 83

98 395 162 452 llab.
175 395 208 452 in
227 397 414 468 Aiigbania
427 399 534 470 (Griff.
550 417 611 458 cxs.
624 401 693 458 1179
701 403 728 472 Ι).

100 493 332 566 Seuipollieare,
356 497 473 554 foliola
489 500 540 554 5-7
561 499 657 554 lineas
674 499 764 570 longa
787 499 895 561 lineam
916 499 1070 554 dimidiam
1089 498 1162 570 lata,
1179 500 1286 556 racemi
1300 517 1368 557 cum

121 567 223 622 uueulo
237 582 328 640 saepe
342 569 557 642 bipollieares,
574 570 659 626 liores
683 571 701 626 2
721 569 818 625 lineas
835 568 926 654 longi,
939 570 1078 641 legumen
1091 571 1158 626 9-10
1174 571 1226 626 lin.
1244 571 1368 642 longum

105 638 230 704 ¹,ilatum
252 642 410 712 utrinque
431 645 631 697 attenuatum.
645 640 767 696 Foliolis
781 643 916 711 angustis
929 641 1015 697 affine
1028 644 1065 698 Α.
1090 641 1220 698 Arabico
1232 643 1366 700 Decaisn.

82 709 168 776 [subc
205 712 211 721 '
244 713 259 780 )
275 711 474 784 pedunculis
486 714 538 768 1-2
550 713 631 768 floris
646 712 847 782 brevissimis,
866 713 948 775 labio
960 714 1106 786 superiori
1126 713 1274 786 bipartito,
1286 714 1369 785 legu-

83 781 146 838 mine
173 782 278 848 aliori,
292 790 352 838 ete.
365 783 525 854 distincto,
539 783 696 850 exambiri
710 784 822 856 tropica
835 783 970 840 oriundo.

120 1059 146 1120 t.
187 1055 235 1122 Α
270 1055 632 1141 trigonelloides
665 1057 776 1142 (laub.
804 1062 836 1123 et
864 1059 918 1142 Sp.
950 1057 1076 1124 Illustr.
1107 1058 1161 1125 Or.
1195 1059 1222 1136 Ι,
1242 1079 1273 1144 p.
1294 1064 1367 1145 118,

83 1148 137 1212 ab.
154 1145 210 1228 60)
229 1146 407 1230 adpresse
432 1164 610 1212 canescens
637 1147 785 1212 caulibus
803 1145 932 1212 diffusis
951 1147 1131 1230 flexuosis,
1152 1148 1269 1214 foliolis
1290 1152 1367 1217 sub-

81 1235 273 1319 petiolulatis
306 1235 620 1300 cuneata-eboratis
650 1235 777 1302 obtusis
815 1236 868 1300 vel
896 1237 1020 1302 retusis
1051 1238 1242 1304 lateralibus
1273 1241 1368 1308 valde

81 1325 237 1408 obliquis,
258 1323 472 1407 pedunculis
490 1325 549 1388 id
566 1324 657 1389 floris
676 1324 903 1408 oppositiloliis
922 1324 997 1390 solio
1017 1328 1208 1410 aquilongis
1230 1329 1282 1393 vel
1302 1330 1369 1394 lou·

82 1415 238 1496 poribus,
263 1413 399 1492 calycis
435 1413 476 1478 ad
510 1412 604 1478 basin
634 1413 780 1496 bipartiti
809 1414 895 1480 labio
925 1416 1097 1496 superiore
1117 1417 1203 1482 ultra
1223 1417 1368 1484 medium

85 1503 227 1587 bipartito
248 1501 418 1568 interiore
443 1501 484 1567 ad
503 1501 632 1567 tertiam
660 1507 788 1585 partem
810 1503 938 1585 triiido,
967 1503 1187 1586 leguminibus
1211 1504 1370 1588 adpresse

87 1592 266 1676 angulosis
302 1590 646 1672 oblongo-linearibus
675 1593 731 1656 8-6
760 1593 901 1675 spermis
927 1603 954 1666 5.
977 1591 1110 1672 Cytisus
1137 1592 1368 1674 aaa-tidffolins

91 1677 164 1746 il.
186 1681 266 1762 liar
290 1680 375 1746 llss.
391 1679 427 1744 in
445 1679 538 1744 herb.
556 1680 685 1763 Petrop.
1123 1723 1125 1728 ·

117 1791 185 1848 llab.
202 1793 235 1847 in
252 1791 391 1848 collibus
420 1790 572 1846 sterilibus
585 1794 614 1846 et
632 1791 773 1862 glareosis
798 1791 907 1848 Persiae
919 1791 1048 1848 borealis
1062 1791 1099 1848 ad
1113 1791 1239 1862 Mendjil
1256 1794 1368 1862 (Aucb.

99 1863 259 1948 uaiffissl),
276 1879 368 1934 prov.
389 1863 572 1933 Aderbidjan
587 1877 678 1988 proff
696 1863 768 1918 Pero
786 1864 934 1919 districtus
952 1863 1030 1919 Khoi
1049 1863 1186 1933 (Szowl),
1206 1865 1244 1919 ad
1264 1863 1368 1920 Sinum

98 1934 225 1991 &sicum
242 1933 361 2004 (Aucb.
378 1947 416 1988 ex
428 1933 514 1989 laub.
531 1937 559 1988 et
571 1933 643 2006 Spac
665 1935 684 2004 ).

93 2103 107 2156 2
115 2029 285 2157 &3538
299 2029 471 2102 pollicares,
484 2027 587 2084 foliola
602 2027 651 2084 36
663 2028 755 2084 lineas
774 2028 881 2100 longa,
905 2004 1044 2100 legumen
1062 2027 1112 2084 58
1131 2029 1226 2084 lineas
1244 2027 1368 2100 longum

127 2199 159 2279 β.
177 2197 447 2279 ευὸιιηιζῆονιινη.
464 2233 503 2243 -
515 2195 695 2262 Peduuculi
712 2197 910 2264 subunillori
929 2197 1047 2280 petiolo
1075 2214 1161 2280 saepe
1181 2197 1365 2262 breviores.

91 2288 136 2353 Ad
151 2295 266 2372 lypum
288 2285 501 2354 intermediis
521 2286 650 2351 transit.

120 2390 191 2454 nab
207 2399 240 2454 in
249 2397 360 2452 Persia
369 2411 462 2468 prope
474 2395 600 2451 Kohrud
612 2395 705 2464 (Rode
718 2395 748 2450 in
768 2395 850 2452 herb.
863 2395 983 2451 Fischer
991 2397 1019 2465 l).
1098 2355 1103 2363 ”

127 2686 159 2748 6.
182 2682 231 2748 Δ.
257 2677 486 2762 Kotschyl
524 2675 650 2762 [Boiss.
683 2677 796 2760 Diagn.
824 2676 892 2744 Ser.
934 2675 959 2756 Ι,
1000 2679 1031 2758 6,
1060 2697 1090 2760 p.
1123 2677 1180 2760 aa]
1212 2679 1370 2762 adpresse

82 2789 261 2837 fluescens
290 2770 466 2850 glaucum,
493 2765 640 2833 caulibus
670 2765 816 2838 diffusis,
853 2767 971 2833 foliolis
1008 2767 1271 2850 subpeticlulatis
1313 2788 1371 2835 cu-

80 2859 351 2926 neaieobovatis
368 2857 493 2922 retusis
510 2855 699 2920 lateralibus
721 2856 815 2920 valde
834 2857 986 2940 obliquis,
1003 2856 1198 2937 pedunculis
1215 2859 1369 2939 oppositi-

80 2949 155 3014 iolr's
176 2949 235 3012 3-5
258 2947 354 3012 lloris
375 2945 451 3010 solio
477 2946 534 3010 i-3
555 2946 606 3027 plo
624 2943 844 3025 longioribus,
865 2946 983 3026 calycis
1003 2944 1147 3026 bipartiti
1171 2945 1254 3010 labio
1271 2963 1370 3029 supe-

77 3039 172 3102 riore
189 3037 262 3101 iere
282 3035 326 3098 ad
347 3035 444 3099 basin
463 3033 616 3116 bipartito
641 3033 795 3099 inferiore
823 3033 863 3097 ad
887 3033 1016 3098 tertiam
1035 3038 1161 3116 partem
1181 3033 1370 3116 tridentato,

75 3126 253 3209 legumine
272 3122 538 3206 adpressebirtc
562 3129 701 3205 anguste
718 3122 833 3186 lineari
856 3123 953 3186 lo-li
967 3139 1098 3204 spermo
1121 3131 1166 3194 lc.

107 3235 196 3290 Eub.
217 3236 250 3288 in
292 3232 393 3288 ascuis
413 3231 558 3303 lapidosis
577 3231 684 3286 Persian
704 3230 842 3286 australis
862 3246 952 3302 prope
972 3229 1096 3285 Daleohi
1116 3230 1184 3301 (Ky.
1206 3247 1266 3287 exs.
1280 3231 1372 3304 1371),
1495 3277 1497 3290 .

71 3307 103 3362 in
128 3311 240 3361 monte
291 3303 353 3360 otei
367 3302 527 3372 Kumaredj
547 3303 653 3358 Persiae
666 3302 968 3357 austro-occidentalis
981 3301 1151 3372 (Hausslrll.
1171 3302 1207 3357 Fl
1228 3305 1298 3375 Apr.

8 3453 9 3468 ,
107 3401 205 3456 Facie
220 3397 391 3454 etioliisA
414 3395 612 3468 biqoncllcidi
622 3396 809 3450 simillimum
834 3395 886 3450 sed
904 3395 1062 3467 pedunculi
1081 3395 1228 3466 longiores
1248 3401 1277 3452 et
1298 3412 1372 3468 prau-

9 3485 11 3518 ¹
69 3475 186 3528 §essim
199 3471 347 3542 legumen
361 3468 454 3540 duplo
468 3467 586 3537 longius
599 3469 628 3522 et
640 3467 765 3522 dimidio
777 3467 933 3538 angustius
947 3466 1227 3536 12-1511nlongum
1246 3468 1298 3522 vix
1312 3484 1372 3522 ses-

67 3543 251 3614 quilineanr
279 3539 398 3607 laium,
419 3538 649 3664 zolyspermum.
670 3537 698 3592 A
717 3544 904 3619 prostratum
917 3535 1023 3592 foliolis
1043 3537 1192 3605 niminis,
1206 3537 1373 3610 pedunculo

68 3613 167 3670 iri-vi
183 3619 211 3668 et
232 3611 422 3682 leguminea
447 3609 787 3678 breviatodistingmtur.
811 3609 912 3664 l‘lores
931 3609 1007 3663 rosei
1026 3609 1126 3663 carina
1146 3611 1371 3680 atropurpurert.

119 3913 158 3974 Ἰ.
181 3909 229 3976 Α.
259 3908 552 3991 prostratum
571 3902 691 3989 (Boiss.
720 3903 833 3986 Diagn.
867 3903 937 3969 Sor.
955 3903 980 3985 l,
1007 3905 1058 3984 ll,
1075 3921 1105 3986 p.
1136 3903 1191 3987 13)
1216 3904 1374 3987 adpresse

73 3999 210 4065 hirtum
229 3997 392 4080 glaucum
413 3993 512 4059 rantis
541 3993 849 4059 sullrutescenlibus
876 3993 1060 4074 prostratis
1082 3992 1201 4058 foliolis
1221 3993 1374 4058 oberato-

77 4089 236 4152 euneatis
257 4083 456 4152 subretusis
475 4083 665 4148 lateralibus
684 4081 843 4164 obliquis,
868 4081 1062 4164 pedunculis
1088 4081 1316 4145 terminalibus
1343 4087 1375 4147 et

78 4175 319 4260 oppositisoliis
341 4170 549 4237 brevissimis
585 4171 762 4236 l-i-lloris.
793 4169 909 4252 calycis
929 4170 969 4234 ad
995 4170 1089 4234 basin
1118 4169 1263 4250 bipartiti
1290 4169 1376 4234 labio

83 4267 257 4342 superiore
276 4263 323 4328 ad
345 4261 495 4326 medium
509 4257 608 4324 bifido
627 4260 782 4325 inforiore
794 4258 832 4322 ad
847 4257 990 4324 medium
1005 4256 1192 4336 tridentito,
1212 4257 1377 4336 legumine

86 4355 240 4438 eripi-esse
259 4354 356 4419 lrirto
373 4351 517 4430 anguste
535 4348 647 4412 lineari
662 4351 718 4412 5-6
735 4364 866 4429 sperma
888 4359 916 4421 5.

37 4530 40 4539 1
120 4464 190 4520 Hab.
203 4468 234 4522 in
248 4461 388 4521 desertis
405 4457 727 4528 Assyriae(1lucb.exs.
742 4457 812 4514 loia
821 4460 841 4526 t)

735 4541 738 4552 ’
1200 4547 1220 4604 3
