3068 5192
193 423 251 482 990
722 433 954 478 uusamrrama.
1354 420 1455 478 Fando.
1528 451 1530 496 v

198 550 473 634 plicato-sulcatos
488 547 650 633 crispulas
670 547 938 630 ovato-oblongas
955 545 1072 614 obtuse
1086 540 1212 610 lobatas
1225 543 1457 628 pinnatipartitis

199 642 252 704 vel
272 639 381 718 sectis,
398 639 549 704 loliorum
568 637 778 720 superiorum
799 637 915 719 vagina
933 635 1092 718 adpresst
1110 633 1290 716 cylindricvi
1307 635 1460 700 limbonni·

199 730 299 808 nimo,
318 728 470 794 umbellis
493 727 640 792 breviter
659 725 875 804 bil-radiata,
900 725 1015 809 petalis
1036 721 1170 804 glabris,
1192 723 1304 789 lructu
1323 723 1459 808 (juniore)

199 817 357 902 pedicello
373 816 472 896 duplo
487 815 630 898 longiore
647 814 954 898 oblongo-elliptico‚
970 812 1187 878 commissura
1199 812 1348 878 bivii-tata
1368 822 1408 886 e.

200 931 311 1066 (BHa'lJ
334 930 364 982 in
387 929 486 983 Persia
507 928 545 982 ad
569 928 717 984 Seidabad
738 929 814 984 inter
836 928 970 984 Tebaran
992 931 1021 982 el
1044 928 1151 983 Tabris
1173 930 1203 982 et
1227 942 1318 998 prope
1329 927 1461 982 Sobabmd

241 1017 289 1070 gd.
307 1043 312 1054 .

238 1097 355 1152 Podalia
368 1101 398 1150 ot
411 1093 635 1165 sesquipedalis¹
655 1092 727 1150 lolia
745 1093 885 1148 radicalia
905 1093 1013 1162 ignota,
1032 1092 1150 1148 caulina
1169 1091 1275 1146 intima
1289 1107 1354 1148 cum
1372 1091 1464 1164 petiolo

201 1169 353 1236 vaginanti
367 1168 425 1220 iere
439 1165 641 1236 semipedalia,
653 1167 806 1233 segmenta
816 1165 868 1219 vix
881 1165 898 1220 2
910 1165 1004 1218 lineas
1017 1163 1106 1232 longa
1120 1162 1260 1216 lacinulis
1269 1164 1463 1222 minutissimis

201 1239 277 1294 radii
290 1239 357 1296 tto
369 1237 463 1292 lineas
476 1237 569 1306 longi.
584 1238 609 1290 A
623 1235 656 1290 F.
669 1232 756 1291 evin-ci
771 1235 944 1290 indumento
958 1235 1130 1290 tenuissime
1144 1233 1280 1288 velutino
1300 1250 1349 1289 nec
1367 1234 1465 1290 aculeo

202 1311 274 1376 lat0,
288 1310 366 1364 foliis
381 1315 409 1364 et
419 1308 579 1378 segmentis
592 1307 686 1362 multo
698 1307 870 1376 minoribus,
884 1306 1003 1376 vaginis
1013 1305 1138 1361 caulinis
1148 1321 1209 1360 non
1219 1305 1330 1361 inllatis
1338 1307 1466 1362 distincta.

204 1383 290 1437 Villae
303 1384 353 1450 (er
366 1381 477 1436 ovariis
485 1379 666 1450 junioribus)
679 1377 820 1433 solitariae
834 1378 958 1450 turgida
971 1377 1117 1434 videntur.

250 1581 299 1644 18.
325 1577 367 1643 P.
386 1576 653 1644 microcolea
663 1577 779 1661 (Boiss.
797 1578 912 1659 Diagu.
927 1575 997 1643 Ser.
1015 1577 1039 1658 l,
1053 1579 1084 1658 6,
1098 1596 1128 1660 p.
1144 1579 1186 1642 fib
1201 1577 1265 1643 sub
1279 1573 1466 1658 Peucetiam]

203 1669 326 1752 glabra,
343 1667 434 1732 caule
452 1666 543 1731 tenui
561 1667 674 1748 gracili
693 1667 939 1732 subdicbotome
958 1685 1088 1732 ramoso
1108 1666 1149 1731 ad
1166 1667 1321 1732 loliorum
1335 1671 1367 1730 et
1384 1683 1469 1730 ramo

206 1776 279 1824 rum
296 1760 405 1822 ortum
421 1754 619 1832 subnodoso
639 1756 724 1821 loliis
745 1755 941 1822 radicalibus
958 1773 976 1820 e
993 1756 1113 1838 potiolo
1130 1755 1298 1837 raginanti
1317 1755 1470 1820 subterm-

205 1849 262 1912 lim
296 1844 631 1928 supradecornpositis
658 1845 788 1926 petiolis
815 1845 1011 1928 partialibus
1037 1843 1336 1925 ungulato-strictis
1362 1841 1469 1908 laciniis

207 1937 317 2020 parvis
334 1933 517 1998 carnosulis
534 1933 668 1998 sulcatis
684 1933 962 1999 lineari-concutis
980 1931 1133 1998 indivisis
1150 1933 1202 1998 vel
1223 1933 1381 2004 c-s-fidis,
1396 1930 1469 1996 lolio

206 2044 281 2090 rnm
299 2023 502 2089 casalinorum
518 2021 711 2086 inferiorum
728 2021 844 2104 vagina
859 2021 999 2104 oblonga
1017 2021 1115 2087 limbo
1136 2022 1264 2087 minuto
1281 2020 1468 2103 superiorum

205 2114 306 2188 nuda,
329 2111 547 2178 urnbollarum
578 2115 689 2176 centro
713 2111 912 2177 nodosarum
936 2111 1038 2178 radiis
1065 2111 1224 2176 brevibus
1251 2109 1401 2174 tenuibus
1415 2106 1469 2172 Sd.

208 2202 396 2267 uurbcllulis
418 2199 616 2282 paucilloris,
636 2199 822 2265 involucelli
847 2201 969 2283 pbyllis
989 2200 1100 2282 paucis
1117 2198 1276 2264 brevibus
1294 2195 1471 2264 lanceolatis.

207 2291 326 2373 calycis
344 2288 498 2354 dontibus
519 2289 734 2366 brevissimis,
750 2289 846 2371 stylis
864 2288 1048 2372 stylopodio
1075 2287 1235 2369 depresso
1254 2287 1353 2371 duplo
1369 2285 1471 2365 lougio

210 2381 312 2458 ribus,
332 2379 441 2443 fructu
461 2377 617 2461 pcdicello
639 2378 728 2443 tenui
745 2378 956 2460 sublongiore
985 2376 1126 2458 elliptico
1153 2381 1293 2458 anguste
1314 2375 1471 2456 marginalo

205 2469 292 2550 prgis
313 2467 586 2551 prominentibus
606 2466 696 2531 vittis
717 2467 800 2547 latis,
815 2465 1120 2533 commissuralibus
1140 2465 1227 2530 binis
1247 2466 1381 2531 remotis
1403 2472 1441 2536 ll.

246 2581 322 2634 llab,
337 2583 366 2635 in
378 2580 444 2651 alpe
457 2577 622 2633 Kubdaena
634 2577 743 2633 Persice
757 2578 896 2634 arrstralis
909 2578 979 2648 (Kv.
992 2579 1082 2648 7311).
1102 2577 1132 2632 in
1154 2593 1238 2650 prov.
1262 2575 1430 2647 Aderbidjan
1442 2571 1472 2626 ad

212 2651 402 2706 Nenrrdabad
417 2666 505 2720 prope
518 2649 625 2704 Tabris
639 2649 785 2720 (Bubsel),
803 2649 833 2704 in
869 2665 930 2704 rov.
946 2637 1117 2706 Khorassan
1130 2649 1206 2704 inter
1220 2647 1373 2704 sclrahrud
1383 2648 1408 2701 el
1419 2643 1472 2698 Nis-

210 2722 321 2792 cbapur
335 2725 364 2774 et
376 2722 451 2774 inter
464 2719 631 2792 Nisobapur
644 2725 672 2774 et
685 2719 822 2775 Mesobed
836 2666 911 2791 (fige
922 2723 950 2791 l).

245 2815 363 2872 Podalis
387 2816 435 2870 vel
456 2816 681 2898 sesquipedalis,
705 2816 821 2872 laciniae
843 2817 1061 2872 remotiusculae
1084 2817 1192 2871 strictae
1211 2813 1324 2870 lineam
1341 2811 1469 2868 dimidiam

211 2889 269 2942 lere
292 2888 359 2942 latre
380 2889 395 2942 1
421 2887 485 2953 ¹r'2-3
502 2888 596 2942 lineas
614 2888 720 2958 longae,
743 2888 820 2942 radii
837 2887 904 2942 8-10
923 2887 1018 2943 lineas
1030 2887 1121 2958 longi,
1134 2885 1234 2959 peuda
1252 2886 1356 2954 glabra
1372 2881 1470 2938 davida

209 2959 384 3030 merirarpia
396 2957 414 3013 3
428 2961 459 3026 ¹p
474 2959 568 3013 lineas
581 2959 673 3042 longa
685 2960 700 3014 1
716 2960 748 3027 ¹l2
762 2959 823 3014 lala
838 2963 967 3025 (tantum
978 2959 1009 3014 in
1022 2975 1098 3030 spec.
1113 2957 1284 3028 Bnngeanis
1297 2955 1368 3010 mibi
1380 2953 1464 3034 obvia)

210 3030 327 3100 Species
341 3031 417 3084 inter
430 3031 531 3084 affines
545 3031 708 3098 gracilitate
721 3033 751 3085 et
763 3030 980 3086 inflorescentib
989 3030 1189 3102 depauperata
1199 3027 1347 3096 notabilis,
1356 3042 1390 3082 ex
1398 3037 1470 3096 speu-

211 3101 343 3156 minibus
357 3100 494 3172 pluribus
507 3099 559 3154 sed
573 3102 662 3157 nimis
675 3101 853 3174 imperfectis
867 3101 1020 3173 descripta.

676 3319 767 3386 Sacr.
792 3319 824 3384 Il
848 3320 1033 3386 Eursaucn.

486 3477 501 3504 *
537 3477 702 3552 blericarpii
712 3495 816 3550 margo
829 3481 942 3536 semina¹
956 3480 1050 3536 multo
1063 3481 1225 3552 angustior.

262 3615 312 3678 19.
341 3613 383 3678 P.
409 3617 679 3698 stenooarpa
711 3614 832 3698 (Boios.
865 3619 898 3680 et
933 3614 1093 3700 llausslv.)
1126 3613 1240 3697 glabra
1275 3615 1471 3698 glaucesrens

214 3704 305 3769 lectule
321 3719 432 3767 crasso
453 3703 537 3768 elato
556 3703 730 3785 spongioso
749 3703 845 3768 tereti
865 3704 980 3770 striato
1000 3721 1144 3786 superne
1161 3703 1434 3769 subverticillatim
1447 3705 1471 3766 cl

215 3792 393 3872 composito
410 3791 615 3874 corymboso‚
631 3791 716 3856 loliis
733 3792 931 3860 radicalibus
953 3793 1070 3876 amplis
1096 3792 1221 3858 ambitu
1238 3793 1304 3858 late
1319 3790 1471 3874 triangula·

215 3881 307 3946 ribus
324 3880 479 3944 ternatim
500 3878 846 3962 supradecompositis‚
865 3881 976 3964 pelioli
995 3881 1213 3948 divisionibus
1228 3882 1356 3966 iunceis
1371 3879 1471 3946 sensim

216 3969 250 4033 in
269 3967 402 4033 lacinias
422 3974 560 4050 anguste
573 3967 713 4035 lineares
734 3971 844 4050 longas
861 3971 1026 4036 flexuosas
1042 3970 1252 4050 abeuntibus,
1264 3967 1472 4036 loliiscanlinis

215 4056 394 4140 paucilobis
425 4058 476 4122 vel
509 4057 550 4122 ad
573 4057 723 4140 vaginam
754 4059 897 4124 inllalam
925 4059 1135 4125 lanceolatam
1164 4059 1322 4138 reductis
1347 4055 1470 4124 umbellis

215 4145 446 4212 nrultiradiatis
457 4147 593 4211 centrali
605 4144 789 4227 subscssili‚
803 4147 904 4214 radiis
916 4147 1137 4214 breviusculis
1151 4147 1282 4214 demum
1296 4143 1469 4213 incrassatis.

216 4235 323 4300 lructu
347 4233 552 4317 (immaturo)
580 4234 738 4315 pedicello
769 4237 1014 4319 subaequilougo
1045 4243 1185 4320 anguste
1210 4237 1467 4319 prismaticocou·

216 4341 342 4406 presso,
370 4323 458 4406 jugis
484 4323 579 4387 valde
606 4324 801 4406 prominulis
826 4325 947 4390 crassis
979 4325 1215 4406 marginalibus
1240 4327 1293 4390 vix
1317 4320 1465 4390 latioribus.

217 4411 386 4476 valleeulis
408 4411 616 4490 ula-vitans,
633 4413 848 4479 commissuri
864 4413 1069 4496 plurivittatcl
1095 4424 1141 4489 26.

253 4519 329 4576 Hah.
350 4521 382 4575 in
404 4521 505 4576 Persia
528 4521 651 4576 australi
673 4523 847 4578 occidentali
867 4524 897 4578 in
917 4525 1032 4580 fissuris
1053 4525 1174 4598 rupium
1197 4525 1381 4581 calcarearum
1398 4513 1463 4574 liolel

217 4589 310 4645 blallu
325 4607 414 4662 supra
427 4592 583 4664 Sobalrpur
599 4593 647 4648 alt.
660 4593 817 4650 300⁸·3000'
831 4594 1003 4664 (Hausskl).
1017 4594 1050 4650 Fl
1075 4599 1145 4670 Apr.
