3094 5194
271 367 331 426 968
805 379 1038 422 ouasccrrcaur.
1395 361 1522 421 (doccia

277 497 480 579 incrassatis,
507 497 625 581 petalis
654 495 712 560 vix
740 494 957 574 radiantibus,
985 490 1173 558 umbellulis
1189 489 1366 557 fructiferis
1380 493 1525 573 compactis

276 585 535 668 hemisphaericis
550 602 695 668 superne
712 582 941 664 subconvexis,
958 579 1118 646 fructibus
1134 578 1323 663 cylindricis
1338 579 1524 646 exterioribus

278 675 438 758 pedicello
457 676 638 741 incrassato
656 673 866 739 brevioribus
894 681 922 745 lt
949 669 991 735 lc.
1009 669 1111 734 Rchb.
1128 667 1241 734 Germ.
1268 669 1360 734 1899.

315 787 392 843 Hah.
406 789 436 842 in
452 787 586 843 humidis
598 787 685 844 Ponti
697 787 737 842 ad
749 787 879 842 Samsun
936 783 1013 839 chih.
1027 797 1087 838 exs
1105 782 1161 837 sub
1177 781 1223 840 (E.
1237 777 1359 851 medaii),
1371 781 1471 836 Tauria
1481 796 1527 836 ms

277 859 639 1000 {iilffnitllhtsiiisrlignlssikita
652 858 766 928 (M.B.),
775 856 942 928 blingrehae
951 854 1110 923 (Nordm.),
1121 869 1202 926 prov.
1211 852 1343 924 Talysch
1354 853 1391 907 ad
1400 851 1527 908 &moran

314 1014 362 1070 Ab
377 1015 423 1072 (Ε.
437 1013 616 1070 caesenate·
626 1013 709 1069 caule
721 1011 899 1086 profundius
911 1011 1024 1078 striato,
1041 1009 1180 1066 foliorum
1192 1009 1284 1064 etiam
1297 1009 1466 1080 superionrm
1475 1007 1528 1063 laci-

279 1086 338 1140 niis
351 1086 533 1156 abbreviatis
546 1088 575 1142 et
587 1085 723 1158 inprimis
741 1082 850 1156 petalis
870 1083 922 1138 vix
941 1081 1136 1148 radiantibus,
1153 1078 1306 1154 pedicellis
1319 1081 1348 1135 et
1358 1079 1440 1135 radiis
1450 1078 1530 1135 fructi·

278 1155 347 1212 ieris
364 1158 542 1226 incrassatis,
556 1157 651 1212 fructu
664 1155 826 1227 cylindrico
839 1154 906 1210 basi
919 1153 1031 1210 calloso
1045 1152 1192 1208 distincta.

315 1253 361 1309 Ar.
383 1253 481 1323 [iacgr.
502 1252 603 1308 Gallia
616 1250 763 1323 australis,
776 1250 870 1316 ltalia,
886 1249 967 1322 regio
981 1246 1166 1304 Danubialis.

325 1455 355 1517 9.
381 1453 440 1518 (Ε.
460 1451 609 1520 media
625 1451 772 1536 (Griseb.
793 1451 878 1536 Spic.
896 1451 921 1527 l,
941 1470 973 1535 p.
997 1451 1077 1538 959)
1094 1449 1216 1516 radicis
1235 1449 1366 1532 napulis
1387 1447 1530 1514 sessilibus

279 1541 429 1623 oblongis
445 1543 496 1607 vel
516 1542 675 1624 elongatis
688 1541 951 1624 subcylindricis
965 1540 1056 1606 caule
1071 1539 1222 1605 fistuloso
1239 1538 1370 1618 sulcato,
1386 1537 1530 1604 foliissub

280 1629 525 1714 homomcrphis
539 1632 558 1695 9
574 1637 607 1696 et
620 1630 881 1714 lpinuaiisectis
894 1629 1021 1694 laciniis
1032 1626 1224 1701 linearibus,
1240 1627 1443 1709 superiorum
1459 1625 1531 1708 paulu

280 1717 495 1800 longioribus
513 1719 664 1785 umbellas
675 1719 776 1786 radiis
791 1722 845 1784 5-8
859 1717 992 1784 demum
1004 1716 1206 1798 incrassatis,
1219 1716 1335 1799 petalis
1349 1715 1530 1793 radiantibus

281 1808 470 1874 umbellulis
502 1809 681 1875 fructiferis
722 1808 897 1890 compactis
934 1806 1192 1890 hemisphaericis
1221 1823 1367 1887 superne
1399 1803 1530 1884 consens,

280 1895 390 1962 fructu
418 1898 566 1964 breviter
593 1897 772 1982 cylindrico
798 1895 956 1980 pedicello
977 1897 1159 1962 incrassato
1179 1893 1314 1962 suffulto
1338 1903 1382 1969 aa.
1400 1893 1438 1958 lc.
1455 1891 1530 1956 Rclb

282 1981 396 2138 GermG.
418 1988 482 2052 tub.
506 1988 599 2052 Ι1896.
618 2023 659 2034 -
681 1986 732 2052 (Ε.
749 1983 1023 2067 peccedaoisolic
1041 1983 1151 2050 Heuff.
1179 1983 1294 2050 Banat
1320 2001 1384 2048 non
1409 1981 1477 2047 Poll
1491 1979 1515 2065 [λ

280 2071 353 2156 ipso
399 2075 527 2160 flach).

318 2184 396 2242 Hah.
408 2187 445 2250 in,
453 2187 545 2258 pratis
579 2185 713 2241 aludosis
725 2187 830 2241 Atticae
843 2185 881 2242 ad
894 2184 1054 2240 Phalerum
1068 2184 1189 2256 (Sprunt
1203 2183 1304 2239 Heldr.
1319 2197 1381 2238 exe.
1392 2181 1444 2238 sub
1455 2177 1529 2237 OEdt·

281 2258 453 2327 mussanti),
478 2259 518 2312 Ar
540 2203 628 2312 ofidis
649 2257 688 2312 ad
709 2257 891 2328 Tyrintbum
912 2255 1046 2328 (Orpbt),
1065 2255 1246 2310 Macedoniae
1264 2254 1303 2310 ad
1321 2251 1530 2312 Thessalonicam

240 2393 251 2413 ι
281 2326 373 2394 (Friv.
387 2345 424 2384 ex
440 2273 577 2398 Gumis),
596 2327 699 2398 Lydiae
720 2329 758 2384 ad
780 2327 938 2410 Smpmam
952 2329 980 2384 et
992 2329 1023 2382 in
1031 2327 1130 2455 gratis
1142 2327 1254 2382 montis
1274 2324 1374 2380 Tmoli
1386 2338 1466 2396 prope
1475 2319 1531 2404 fter

281 2397 362 2468 dagh
372 2399 449 2469 (Bal.
465 2416 525 2454 aas
537 2399 606 2470 521),
619 2399 727 2455 Libani
739 2399 777 2455 ad
788 2399 901 2454 Sohma
910 2399 982 2469 (Bl.)
993 2403 1021 2454 et
1059 2397 1156 2452 ahleae
1167 2397 1205 2452 ad
1215 2396 1313 2452 lacum
1325 2395 1433 2450 Merom
1441 2390 1530 2464 (coast

282 2469 334 2592 {ed
348 2470 585 2612 hascospsspimina
597 2471 636 2526 ob
649 2471 778 2527 radicem
793 2470 974 2526 deficientem
986 2472 1060 2526 inter
1071 2469 1148 2524 hauc
1159 2473 1189 2524 et
1202 2467 1248 2526 (Ε.
1259 2465 1437 2524 Heldrcr'cltii
1445 2462 1530 2520 subdu·

303 2555 333 2594 1a
345 2558 402 2596 sun
432 2582 438 2595 .
490 2557 587 2598 .vera.

317 2622 433 2696 Species
444 2625 540 2680 radice
553 2626 582 2679 et
594 2626 692 2680 fructu
704 2623 793 2678 valde
805 2624 903 2678 affinis
918 2622 963 2681 (Ε.
976 2622 1132 2692 sdaisolioe,
1147 2622 1198 2677 sad
1211 2621 1331 2677 diversa
1349 2619 1457 2678 laciniis
1467 2616 1530 2672 folle·

282 2711 349 2750 rum
367 2695 530 2751 linearibus
544 2695 595 2751 lon
628 2695 729 2751 oribus
743 2698 772 2751 et
784 2696 948 2766 praesertim
960 2693 1067 2767 petalis
1080 2693 1273 2749 radiantibus.
1287 2692 1345 2748 Pro
1367 2697 1409 2748 ter
1419 2693 1484 2746 hauc
1493 2701 1532 2743 uc·

280 2769 344 2821 tam
360 2767 404 2825 (Ε.
418 2767 561 2840 szlaisolia
573 2711 724 2823 FiiDalm.
740 2767 798 2821 huc
811 2769 941 2838 spectare
954 2766 1077 2825 videtur.
1091 2765 1215 2820 Fructus
1227 2709 1461 2834 lineamiongns.

316 2863 365 2918 Ar.
380 2861 479 2932 deogr.
500 2862 639 2930 Banalus,
653 2861 764 2929 Serbia,
781 2859 941 2916 Dalmatia.

330 3073 381 3136 10,
408 3069 468 3134 (Ε.
489 3063 852 3154 pimpinelloidas
872 3066 924 3152 (L.
942 3065 996 3150 Sp.
1016 3068 1092 3150 365)
1111 3066 1232 3132 radicis
1248 3065 1342 3132 fibris
1356 3063 1531 3133 dliformibcs

283 3177 403 3225 versus
423 3160 547 3241 apicem
565 3157 600 3222 in
617 3155 714 3222 tuber
733 3159 866 3222 ovatum
897 3156 950 3221 vel
978 3153 1212 3237 subglobosum
1242 3155 1441 3233 incrassatis,

283 3249 399 3314 striato
425 3247 546 3330 gracili,
577 3246 661 3313 foliis
687 3243 885 3311 radicclibus
913 3244 1171 3329 bipinnatisectis
1204 3247 1383 3325 segmentis
1409 3261 1515 3309 cuna

282 3337 387 3402 ovatis
405 3337 546 3402 orenatis
564 3337 616 3400 vel
631 3334 755 3413 incisis,
776 3333 1047 3399 intermediorum
1068 3333 1192 3400 laciniis
1208 3332 1356 3400 breviter
1372 3331 1495 3400 linearib
1511 3356 1520 3385 ε

284 3424 513 3508 superioribus
525 3425 559 3489 in
572 3422 705 3488 lacinias
718 3422 860 3487 lineares
873 3422 1079 3504 longissimas
1090 3421 1320 3505 pinnatisectis
1334 3425 1386 3489 rel
1400 3421 1490 3487 inditi

284 3513 437 3581 umbellas
464 3513 564 3578 radiis
594 3514 651 3577 8-8
681 3511 858 3576 fructiferis
889 3511 1144 3577 subincrassalis
1173 3512 1418 3596 approximatis,
1444 3507 1526 3592 pslal

284 3601 499 3682 radiantibus
526 3601 715 3668 umbellulis
745 3600 923 3665 fructiferis
948 3599 1122 3682 compactis
1148 3616 1292 3684 superne
1310 3602 1425 3684 planis,
1449 3599 1492 3663 lru

284 3690 635 3844 cylilpdricogedicello
647 3689 829 3754 incrassato
849 3688 1094 3772 subaequilongo
1115 3689 1264 3773 wicco.
1282 3691 1397 3757 Austr.
1411 3687 1467 3755 tab.
1478 3683 1533 3750 set

284 3817 324 3826 -
374 3778 444 3844 chb.
492 3798 572 3845 erm.
592 3777 657 3844 tab.
683 3778 777 3843 1895.

320 3889 397 3945 Hab.
415 3890 445 3944 in
486 3891 557 3964 ratis
577 3888 725 3960 argillosis
745 3887 940 3944 humentibus
953 3887 991 3943 ad
1004 3903 1036 3944 se
1058 3905 1089 3944 es
1102 3893 1131 3944 et
1145 3889 1242 3946 fossas
1254 3889 1448 3962 Peloponnesi
1462 3885 1497 3954 (b
1518 3908 1521 3925 a

283 3960 323 4015 Fa
329 3961 435 4029 uchel),
451 3907 585 4017 Pinacidis
597 3962 629 4015 in
642 3961 762 4030 regione
774 3959 857 4014 infer.
871 3959 1009 4042 Parnassi
1021 3905 1158 4030 (galaat),
1172 3961 1266 4016 Cretae
1278 3961 1415 4031 (HeldrlJ,
1427 3959 1510 4038 Barsa
1523 3978 1525 3999 ·

280 4031 488 4102 (Coumanyl),
502 4033 604 4102 Lydiae
617 4031 654 4087 ad
667 4031 829 4102 Smyrnam
842 4029 975 4100 (Borssl),
986 4029 1072 4086 Ponti
1086 4031 1182 4087 Lazici
1194 4031 1232 4087 ad
1244 4031 1334 4087 Rhize
1349 4032 1447 4102 (Ball),
1458 4028 1531 4098 byca

282 4105 334 4171 (ex
349 4101 466 4174 Sibth.],
480 4103 598 4158 Tauriae
610 4103 693 4173 (Stes
701 4105 730 4172 l).

319 4197 365 4252 Ar.
380 4198 480 4267 deogr.
491 4197 606 4268 Anglia,
618 4197 719 4253 Gallia
732 4195 921 4252 occidentalis
933 4199 963 4252 et
973 4196 1120 4266 australis,
1130 4195 1291 4269 Lusitania,
1302 4197 1450 4271 Hispania,
1460 4191 1533 4251 lale.

281 4269 399 4338 Carnis,
413 4267 572 4356 Dalmatia,
586 4269 668 4340 ragio
684 4267 873 4339 DanubialiS,
886 4267 985 4324 Africa
997 4267 1134 4324 borealis.

285 4545 288 4552 Ι
332 4464 382 4527 ll.
407 4463 468 4530 (Ε.
489 4461 712 4530 ferulacea
730 4461 807 4547 (ΚΥ.
825 4467 858 4529 et
875 4463 981 4530 Boiss.
998 4465 1033 4530 in
1049 4465 1109 4547 Ky.
1127 4483 1195 4532 exs.
1217 4467 1317 4553 11859)
1335 4467 1448 4533 radicis
1463 4459 1531 4528 fibris

274 4551 513 4618 crassiusculis
533 4551 723 4633 cylindricis
744 4551 899 4619 deorsum
911 4553 1097 4636 attenuatis,
1117 4554 1208 4622 caule
1227 4559 1324 4624 tereti
1342 4558 1449 4624 striato
1461 4551 1529 4627 alala,
