3324 5180
235 373 292 430 762
755 389 1004 432 eumasrrncnm
1376 377 1522 451 Bracata.

275 507 347 564 Hab
359 508 389 564 in
400 509 534 566 districtu
547 509 659 580 Boglan
678 511 829 566 Armenias
846 511 985 568 australis
1005 510 1042 567 ed
1067 511 1192 569 fluvium
1212 513 1317 570 Murad
1335 515 1410 572 inter
1428 529 1526 587 pagos

239 579 341 651 Norey
354 585 384 636 et
396 583 505 653 Angag
518 581 568 637 alt.
580 581 659 638 3500'
673 581 769 653 (Kyi).

283 680 317 763 β.
342 678 552 745 condensato.
573 716 615 726 -
631 679 763 745 Racemi
784 679 965 746 abbreviati
983 682 1089 749 baccis
1108 683 1324 750 condensatis.

280 790 357 845 Hab.
370 791 402 845 in
415 790 548 847 dumosis
562 789 760 846 Kurdistaniae
773 790 923 846 orientalis
934 795 962 846 et
972 791 1080 848 Persiae
1091 794 1279 848 conterminae
1288 793 1338 849 alt
1348 791 1524 851 occu-7000·

183 883 191 899 ·
241 862 272 916 in
284 862 436 917 montibus
450 862 499 917 Pir
511 861 601 917 Omar
614 861 747 930 Gudrun,
760 861 935 936 Pendjewiu
947 865 977 918 et
988 863 1135 934 Awibeng
1148 863 1321 934 (Hausskl).

276 959 303 1013 A
316 957 531 1028 congeneribus
544 956 677 1030 specifice
689 956 806 1013 differre
819 957 938 1016 videtur
947 957 1026 1014 foliis
1041 975 1091 1014 ma
1112 959 1158 1014 nis
1171 961 1264 1032 (saepe
1277 960 1523 1033 semipedalibus}

241 1029 294 1084 vix
307 1028 412 1084 divisis
424 1033 509 1084 acute
521 1027 631 1084 Iobatis
645 1027 945 1112 praesetuberculatis
958 1030 1010 1085 vix
1022 1031 1089 1114 pap'
1117 1030 1191 1098 osis;
1207 1031 1313 1087 racemi
1325 1031 1357 1086 in
1370 1035 1443 1104 typo
1454 1047 1524 1088 cum

243 1098 411 1172 pedunculo
427 1100 491 1170 ’Μ
505 1098 675 1173 pedalaS,1n
687 1101 830 1155 varietate
842 1099 938 1156 multo
950 1101 1101 1157 breviores
1115 1106 1144 1157 et
1161 1104 1305 1176 compacti
1317 1103 1367 1159 sed
1381 1105 1527 1160 transitus

241 1171 397 1297 1alplttypum
407 1170 582 1243 prebentes,
595 1170 692 1226 baccea
703 1185 803 1242 magn.
813 1169 849 1227 B.
859 1169 970 1244 dioeces,
980 1172 1067 1230 liores
1076 1173 1202 1230 masculi
1211 1179 1241 1230 et
1248 1174 1378 1231 leeminei
1386 1175 1525 1232 nondum

294 1259 312 1297 1.

274 1441 314 1510 “6.
340 1443 386 1510 Β.
412 1443 516 1510 alba
539 1443 589 1528 (L.
617 1441 672 1527 Sp.
702 1440 801 1530 1438)
823 1442 980 1524 monnica,
1008 1441 1095 1509 toliis
1123 1443 1265 1510 cordatis
1288 1442 1524 1528 quinquelobis

238 1534 379 1599 dentatis
410 1533 685 1616 calloso-asperis,
714 1531 853 1608 floribus
885 1531 1042 1598 laemineis
1069 1534 1103 1597 in
1131 1551 1278 1599 racemos
1308 1531 1522 1615 corymbosos

240 1623 334 1706 longe
345 1623 581 1706 pedunculatos
595 1620 773 1704 dispositis,
789 1620 955 1704 calycibus
969 1620 1127 1686 femineis
1140 1622 1291 1687 corollam
1303 1620 1523 1704 aquantibus

238 1711 446 1794 stigmatibus
466 1710 599 1793 glabris,
619 1709 726 1776 baccis
744 1709 848 1792 nigris
872 1715 915 1780 tt.
935 1709 977 1774 lc.
1000 1708 1151 1775 Scbkuhr
1169 1709 1232 1775 tab.
1255 1711 1328 1775 316.

276 1821 353 1878 Hab.
373 1822 405 1876 in
425 1821 547 1892 sepibus
568 1823 597 1875 et
609 1819 737 1876 dumetis
759 1819 885 1889 Tauriae,
909 1817 1032 1874 Caucasi
1056 1822 1084 1874 et
1105 1834 1188 1890 prov.
1208 1819 1525 1874 Transcaucasicarum

241 1893 332 1964 (Stev.
355 1893 386 1948 C.
402 1897 435 1947 A.
448 1892 535 1962 May,
550 1890 720 1961 Habenti]
730 1889 983 1947 ditionenondum
992 1889 1062 1946 vidi.
1076 1889 1179 1945 Turcis
1192 1889 1291 1948 dadan
1302 1887 1454 1962 Kabapbi,
1466 1888 1525 1945 Ta-

240 1965 312 2021 taris
324 1936 454 2021 llorcslta
466 1961 562 2034 [ajam
573 1962 664 2017 audit.

275 2061 321 2117 Ar.
338 2062 439 2130 denar.
459 2059 577 2132 Europa
594 2047 759 2131 praesertim
781 2059 908 2116 borealis
931 2064 960 2116 et
979 2058 1130 2116 orientalis
1151 2075 1170 2115 a
1187 2058 1300 2128 Suesia,
1316 2057 1481 2116 Germania
1494 2062 1529 2115 et

242 2131 381 2188 Helvetia
393 2133 431 2187 ad
444 2130 629 2202 Hungariam
642 2133 672 2187 et
685 2129 828 2186 Rossiam.

484 2347 786 2423 tdibtfltclitll
812 2348 957 2440 (scifat.
982 2347 1269 2444 inaulita).

286 2512 401 2578 Floras
416 2509 556 2576 monoici
576 2511 628 2576 vel
644 2511 748 2592 dioici,
766 2511 902 2579 masculi
921 2513 1079 2578 racemosi
1098 2513 1151 2578 vel
1165 2512 1360 2595 corymbosi,
1379 2511 1526 2580 feminei

240 2600 419 2667 fasciculati
437 2600 490 2665 vel
508 2599 654 2665 solitarii.
673 2599 773 2684 Calyx
789 2601 1037 2683 campanulatus
1056 2601 1187 2666 5-lobus
1210 2601 1301 2666 intus
1316 2600 1440 2684 glaber.
1463 2600 1527 2669 Co·

239 2691 320 2756 rolla
336 2693 441 2754 rotata
454 2687 620 2771 5-partita.
641 2689 740 2754 Maso.
757 2689 902 2756 Stamina
919 2690 938 2752 s
953 2689 1128 2756 filamentis
1145 2688 1314 2770 brevibus,
1327 2689 1467 2756 antbert
1479 2693 1527 2757 al-

239 2781 311 2845 tera
329 2777 525 2844 uniloeulari
552 2777 679 2842 trieteris
698 2776 932 2844 bilocularibus
962 2777 1077 2842 loculis
1100 2777 1246 2844 incurvis
1268 2778 1460 2844 connectivo
1487 2779 1524 2845 in

239 2866 450 2951 appendicem
467 2865 600 2930 bifidam
614 2865 914 2950 saepiusproducto.
935 2863 1020 2930 Fam.
1039 2865 1219 2933 Staminum
1230 2866 1418 2932 rudimenta
1430 2867 1525 2934 nulla

240 2956 294 3022 vel
314 2955 456 3020 minima.
474 2953 631 3021 Ovarium
647 2960 780 3022 ovatum
799 2957 977 3020 rostratum
1001 2955 1158 3038 placentis
1174 2955 1296 3036 terma,
1315 2955 1428 3021 discus
1444 2955 1524 3022 obs-

242 3061 361 3126 curus,
385 3041 492 3126 stylus
505 3041 626 3124 brevis,
647 3044 798 3126 stigmata
818 3043 884 3123 aa,
903 3043 1001 3107 ovula
1017 3061 1119 3126 pauca
1133 3043 1354 3109 horizontalia.
1375 3043 1524 3112 Fructus

242 3131 432 3198 subsessilis
451 3131 602 3197 baccatus
624 3131 830 3197 ventricosus
847 3131 881 3195 in
895 3133 1041 3196 rostrum
1058 3132 1205 3198 conicum
1221 3132 1403 3214 productus
1427 3132 1524 3199 inde-

241 3221 380 3287 hiscens.
413 3220 543 3286 Semina
571 3223 665 3286 ovata
690 3219 879 3302 marginata.
899 3254 941 3268 -
957 3219 1076 3286 Herba
1099 3221 1236 3302 graciles
1263 3225 1438 3304 prostrate
1466 3223 1521 3288 vel

241 3310 435 3377 scandentes
452 3308 570 3375 oirrbis
591 3307 805 3392 simplicibus,
822 3307 959 3373 floribus
980 3309 1125 3375 minutis.

285 3523 312 3585 l.
338 3519 416 3587 Rh.
436 3521 660 3589 courboni
679 3519 799 3608 (Naud.
815 3520 901 3588 Anu.
919 3519 970 3587 Sc.
983 3519 1054 3586 Nat.
1068 3522 1163 3600 1862,
1176 3519 1295 3602 XVIII,
1312 3540 1343 3605 p.
1360 3522 1526 3607 197)ωο-

239 3610 331 3675 noica
346 3610 398 3674 vel
415 3609 533 3676 abortu
552 3609 664 3692 di0ica‚
685 3611 775 3677 caule
801 3609 1062 3688 suffrutescenta
1082 3610 1218 3691 flagellis
1235 3611 1463 3678 subteretibus
1480 3612 1526 3678 ud

236 3698 341 3764 nodos
359 3699 551 3780 geniculatis
567 3749 575 3780 ,
592 3697 680 3766 loliis
695 3699 861 3782 palmatim
881 3697 1110 3781 quinquelobis
1127 3697 1294 3764 scabrellis
1313 3698 1397 3765 lobis
1414 3699 1526 3766 denti-

236 3787 354 3852 culatis
378 3787 585 3870 sinubusque
602 3787 803 3858 rotundatis,
824 3787 962 3853 floribus
980 3785 1136 3853 masculis
1153 3786 1524 3856 subumbellilormibus

237 3875 424 3942 numerosis
444 3877 537 3958 longe
555 3875 794 3959 pedunonlatis,
813 3875 969 3942 laemineis
989 3875 1177 3956 glomeratis
1197 3875 1449 3956 subsessilibus,
1467 3893 1526 3941 eo·

236 3964 319 4028 rolli
338 3965 581 4042 luteo-virente,
598 3963 788 4030 connectivo
808 3963 894 4031 ultra
908 3965 1031 4030 loculos
1049 3964 1104 4029 vix
1119 3963 1287 4046 producte,
1303 3963 1412 4029 baccis
1429 3964 1526 4030 oroi-

238 4051 480 4135 deo-spiculatis
495 4053 608 4118 rubris
632 4057 674 4124 tl.

272 4161 349 4218 Hab.
365 4165 396 4219 in
412 4179 503 4235 regno
517 4163 694 4220 Mascatensi
706 4163 824 4219 Arabiae
836 4162 941 4233 (Aucb.
954 4161 1061 4232 taceo.

272 4246 391 4318 Species
411 4249 580 4320 subtrepIca
598 4249 651 4304 vix
669 4248 789 4304 ditionis
802 4251 920 4316 nostra,
935 4263 952 4302 a
966 4246 1178 4317 congenertbus
1191 4245 1249 4300 iere
1263 4246 1405 4302 omnibus
1418 4246 1529 4304 radice

238 4317 349 4374 fibrosa
369 4335 420 4374 nec
438 4319 824 4376 carnoso-tuberculaeformi
844 4317 1013 4387 discedens;
1032 4317 1119 4374 flores
1138 4315 1181 4371 eis
1200 4313 1342 4388 Bryonioe
1353 4316 1460 4374 dioicoe
1476 4319 1526 4374 di-

236 4389 330 4515 ffilo
344 4389 481 4445 minores.
504 4391 605 4447 CauIIs
625 4391 691 4446 basi
708 4391 829 4446 inflatus
847 4389 1021 4460 bisilormiS,
1035 4387 1146 4459 flagelli
1157 4385 1236 4442 foliis
1248 4385 1380 4459 delapsis
1394 4388 1526 4445 demum

271 4555 317 4610 Ar.
338 4553 437 4625 denar.
456 4555 617 4628 Abyssinia
629 4571 713 4614 secus
725 4571 807 4613 mara
820 4554 962 4636 Ruhmm.
