3324 5180
135 351 227 410 Rosa.
705 329 858 409 rosacum.
1368 351 1424 410 673

129 470 249 542 (Stevi),
265 445 409 528 Armenia
428 470 551 527 Rossica
563 475 592 526 et
603 487 687 546 prov.
701 471 959 528 Transcaucasicae
972 471 1102 542 (llicbwl
1121 471 1221 528 Buhse
1230 475 1258 544 l),
1271 473 1380 530 Tauria
1394 475 1424 530 et

130 541 285 599 Caucasus
304 541 482 616 subalpinus
546 543 609 614 .B.),
629 543 778 599 Caucasus
799 541 959 599 Orientalis
980 545 1011 598 in
1031 543 1234 614 Dagbestania
1247 542 1422 600 bow-8000·

131 614 329 686 (liuprochtt)‚
344 614 482 684 Tauria(
516 613 556 669 .B.
570 614 773 685 Stev.),mons
787 613 1042 685 Araratffizowi).
1369 695 1371 702 Ι

175 715 209 799 β.
239 713 434 781 tornentellu.
456 753 497 762 —
513 714 635 782 Foliola
646 715 772 782 minuta
789 713 944 798 utrinque
960 715 1160 796 tomentella,
1173 718 1331 781 coeterum
1344 720 1424 798 typo

135 805 266 888 similis,
282 803 462 870 lenticulas
485 804 707 887 semipedalis.

134 916 295 1057 ²8gloetlphln
308 919 412 1058 repnte
424 915 503 971 Albo
524 915 601 972 inter
622 915 786 988 Djunguial
804 921 833 973 et
852 915 998 972 Kutuscbi
1024 914 1236 987 Dagbestanias
1260 915 1310 972 alt.
1333 915 1426 973 4200·-

267 1004 325 1061 upr
354 1030 359 1042 .

169 1082 397 1208 Specimgmiat
408 1082 520 1137 ovarils
534 1085 563 1137 et
574 1081 750 1155 pedunculis
768 1082 901 1138 subinde.
909 1081 1044 1155 bispidis.
1058 1081 1160 1138 Flores
1178 1083 1345 1155 saepissime
1358 1083 1423 1140 albi

133 1170 230 1211 rarius
243 1170 292 1210 car
314 1169 349 1209 er.

134 1251 217 1378 mulsa
239 1251 342 1321 deopr.
364 1247 485 1321 Europa
508 1249 615 1320 omnis,
634 1248 751 1320 Sibiria,
774 1247 871 1306 Cbina
891 1249 1029 1321 borealis,
1055 1250 1140 1307 India
1163 1249 1425 1308 boreali-occiden-

179 1551 211 1614 6.
232 1548 281 1614 R.
300 1545 574 1631 Tuschetlca,
589 1548 710 1632 pumila
726 1553 847 1618 erecta.
861 1549 984 1615 aculeis
1001 1549 1100 1616 rectis
1116 1547 1234 1614 validis
1255 1547 1326 1614 basi
1344 1548 1424 1615 dila·

133 1639 213 1704 tatis
242 1636 378 1704 aciculis
406 1636 547 1719 copiosis
582 1638 790 1716 intermixtis,
824 1637 955 1722 stipulis
984 1637 1206 1704 conformibus
1231 1637 1425 1718 linearibus,

134 1727 257 1793 ioliolis
287 1726 401 1810 parvis
432 1725 537 1791 oratis
563 1731 678 1809 argute
704 1731 737 1793 et
761 1726 949 1810 duplicatim
979 1727 1326 1810 glandulososerratis
1348 1727 1427 1792 riri-

135 1815 237 1882 dibus
257 1833 360 1899 supra
388 1833 486 1900 parce
508 1814 626 1882 subtus
640 1815 818 1900 ,copiosius
846 1815 1060 1899 glandulosis,
1090 1814 1229 1882 floribus
1258 1815 1427 1897 solitariis,

134 1905 257 1988 calycis
290 1905 370 1972 tubo
397 1904 531 1987 globoso
559 1903 672 1987 glabro
700 1905 751 1970 vel
777 1911 815 1971 ut
840 1905 1019 1988 pedunculi
1048 1906 1120 1971 basi
1151 1904 1291 1988 hispido,
1316 1905 1427 1971 fructu

135 1997 248 2060 erecto
265 1993 387 2076 sepalis
404 1993 523 2059 erectis
541 1993 635 2075 longe
653 1994 799 2060 caudatis
825 1994 923 2061 dorso
946 1994 1150 2076 glandulosis
1180 1992 1359 2076 maioribus
1376 1994 1427 2060 in·

15 2163 16 2166 Ἴ
136 2082 272 2149 ierdum
291 2083 362 2149 basi
383 2082 593 2166 subpinnalis
610 2087 762 2150 coronato
779 2092 807 2157 5.

15 2261 16 2268 ἵ
173 2193 250 2250 Hab.
263 2194 294 2250 in
305 2195 425 2264 regione
435 2193 595 2266 subalpina
606 2198 635 2250 et
644 2194 673 2250 al
695 2194 921 2250 inaTuscbetiae
932 2192 1182 2265 etDaghestaniae
1192 2208 1284 2266 prope
1294 2191 1427 2264 Beshlta,

137 2263 246 2336 Diklo,
258 2265 434 2322 coeo-som
450 2265 554 2338 (Rupr.
569 2281 630 2320 exe.
644 2211 701 2321 suit
715 2265 750 2325 R.
769 2263 965 2338 τιιὸτζᾳίηοειῖ).

171 2361 293 2418 Statura
306 2361 439 2428 humilis,
452 2361 565 2432 aciculi,
578 2361 681 2417 foliola
698 2377 793 2434 parva
810 2365 842 2417 et
858 2359 952 2432 firma,
966 2361 1102 2417 ovarium
1123 2360 1280 2432 globosum
1295 2359 1334 2417 R.
1349 2376 1426 2432 pam·

134 2431 402 2506 pinellr'soltm;sed
427 2433 635 2518 indumentum
660 2432 880 2516 glandulosum,
905 2432 999 2489 aculei
1028 2431 1188 2488 validiores
1216 2431 1301 2514 basi·
1315 2430 1429 2502 latiore,

136 2501 1426 2648 tilltitttilttttbtlttttltttliliilllttsstillaedibiletm·

185 2789 215 2851 i.
242 2785 289 2851 R.
310 2785 476 2872 Alpina
495 2786 547 2872 (L.
568 2787 622 2870 Sp.
644 2785 723 2871 703)
742 2804 861 2870 parum
878 2787 972 2867 elate,
984 2785 1106 2853 aculeis
1120 2785 1258 2851 setaeeis
1272 2787 1371 2852 rectis
1384 2785 1426 2851 ad

136 2893 251 2942 ramos
270 2881 421 2942 vetustos
438 2877 585 2942 evanidis
600 2875 640 2942 ad
654 2876 804 2960 iuniores
818 2893 904 2958 saepe
917 2875 1027 2955 nullis,
1039 2875 1171 2958 stipulis
1184 2893 1355 2942 ramorum
1370 2876 1430 2941 llo-

135 2965 319 3030 riierorum
332 2964 486 3046 dilatatis,
498 2965 614 3032 foliolis
630 2967 705 3030 1-11
721 2965 840 3032 subtus
853 2963 982 3047 pallidis
995 2969 1028 3030 et
1040 2981 1128 3047 saepe
1143 2963 1316 3046 puberulis
1334 2965 1426 3048 ellip

21 3127 22 3134 ,
136 3051 371 3137 ticooblongis
390 3059 504 3136 argute
522 3053 854 3138 duplicato-dentatis,
874 3053 1012 3119 lloribus
1027 3053 1197 3124 solitariis.
1215 3053 1334 3135 calycis
1350 3053 1429 3120 tubo

137 3141 255 3225 glabro
275 3143 325 3208 vel
343 3143 470 3226 hispido
489 3143 615 3208 laciniis
634 3142 836 3224 subintegris
853 3141 944 3225 apice
966 3141 1109 3207 dilatetis
1129 3143 1283 3208 corollam
1303 3161 1431 3225 purpu-

137 3249 233 3296 ream
250 3231 458 3314 aequantibus
475 3233 528 3297 vel
545 3231 790 3316 superantibus,
816 3232 922 3297 irnctu
948 3231 1076 3297 numnti
1097 3231 1198 3298 rubro
1218 3231 1357 3313 oblongo
1378 3230 1431 3296 vel

139 3320 287 3403 clliptico
301 3321 421 3405 sepelis
435 3321 686 3387 conniventibus
704 3319 908 3404 simplicibus
924 3320 1022 3385 dorso
1036 3319 1134 3386 nudis
1147 3321 1292 3401 margine
1305 3326 1430 3386 tomen.-

24 3409 26 3418 ‘
139 3409 231 3475 tellis
254 3415 451 3486 coronatae.
472 3409 693 3494 Jacqlusn.
715 3409 782 3476 tab.
804 3411 879 3474 ite.

176 3519 258 3575 Hah.
271 3520 303 3574 in
316 3535 347 3576 re
369 3521 435 3576 ione
454 3523 597 3577 montana
618 3520 765 3592 sylvatica
783 3520 956 3592 Thessaliae,
971 3518 1120 3592 Olympus
1139 3519 1302 3576 Thessalus
1315 3519 1354 3575 ad
1368 3519 1431 3576 Ma-

27 3673 28 3678 *
141 3589 331 3662 vrolonghos
345 3537 489 3662 {Heldrlj¹
502 3591 545 3647 Fl.
554 3591 612 3648 Jul.

177 3688 226 3742 Ar.
247 3685 348 3756 (iecur.
362 3685 478 3744 Montes
492 3687 618 3760 Europae
629 3687 735 3744 mediae
750 3689 780 3743 et
792 3685 942 3743 australis.

187 3910 219 3974 8.
248 3908 296 3975 R.
321 3907 610 3994 Djimilensls,
627 3909 759 3976 humilis
774 3909 982 3993 glaberrima,
1001 3909 1133 3974 caudice
1149 3911 1293 3990 repente,
1308 3907 1432 3972 aculeis

143 3999 185 4064 ad
204 4016 317 4064 ramos
337 4005 371 4064 et
388 3998 527 4082 petiolos
555 3999 757 4081 parcissimis
794 3999 957 4065 subulatis
986 3998 1144 4064 brevibus
1166 3995 1275 4075 rectis,
1299 3994 1434 4077 stipulis

143 4105 318 4154 ramorum
347 4087 569 4154 floriferorum
598 4087 805 4154 subdilatatis
835 4088 1000 4170 glandulis
1032 4084 1203 4152 sessilibus
1231 4083 1435 4165 marginatis,

145 4176 267 4242 foliolis
296 4177 353 4240 5-1
382 4175 608 4242 concoloribus
639 4177 744 4242 ovatis
775 4176 985 4259 argutissime
1019 4179 1052 4240 et
1079 4171 1269 4256 simpliciter
1295 4171 1436 4237 serratis

146 4266 251 4331 acutis
274 4266 327 4331 vel
349 4265 509 4330 truncatis
529 4270 562 4330 et
581 4283 725 4350 superne
752 4265 877 4346 incisis,
909 4265 1047 4330 lloribus
1075 4260 1232 4327 solitariis
1249 4257 1437 4340 pedunculo

145 4353 347 4420 brevissimo
365 4353 477 4435 glabro
504 4371 601 4436 parce
629 4355 1007 4438 spinuloso-glanduloso
1032 4350 1187 4421 sulinltis,
1212 4347 1331 4428 calycis
1355 4347 1438 4413 tubo

147 4447 243 4508 ovato
261 4442 433 4526 spinuloso
453 4443 578 4510 laciniis
601 4444 692 4528 apice
710 4442 985 4509 iolioso-dilalatis
1001 4443 1035 4507 et
1051 4435 1251 4523 pinnaiilldis
1278 4435 1438 4500 corollam

149 4549 356 4615 purpuream
372 4533 618 4615 superantibus,
637 4533 830 4606 fructu....5.
