3290 5176
220 344 280 402 652
789 357 940 400 noandum.
1373 337 1504 394 Rauca.

265 507 303 587 Ι6.
329 518 372 584 Ρ.
386 518 634 588 domestica
653 518 704 605 (L.
723 518 779 602 Sp.
798 517 878 603 680)
892 516 1040 598 arborea,
1055 513 1202 597 inermis,
1221 513 1357 582 ramulis
1371 511 1504 594 glabris,

227 608 313 676 loliis
331 608 594 694 orato-ellipticis
619 609 756 674 serratis
782 606 900 673 subtus
926 604 968 671 ad
995 622 1117 670 nervos
1142 602 1327 688 praesertim
1352 601 1502 682 hirsutis,

229 699 368 780 gemmis
385 699 540 764 llnriieris
567 696 776 776 subbilloris,
805 694 999 779 pedunculis
1026 689 1296 776 pubescentibus,
1316 691 1423 774 drnpa
1445 688 1505 755 ob-

230 785 325 871 longa
339 789 519 871 majusculi
538 787 667 853 nutanti
685 791 714 862 5.
745 786 804 852 Pr.
822 785 1029 850 Damascena
1043 781 1138 849 Auci.

263 898 341 953 Hab.
357 899 388 953 in
401 898 519 967 regione
532 897 679 968 sylvatioa
690 895 777 954 Pindi
796 897 826 952 et
840 894 979 950 Parnassi
990 894 1112 950 Gracia
1133 893 1183 962 (ex
1195 890 1311 962 Sibtb.),
1323 891 1354 946 in
1367 889 1505 963 planitie-

228 964 287 1025 bus
299 968 481 1024 Macedonia
496 969 558 1024 bor.
572 968 721 1038 (Griseb.),
735 981 820 1040 prov.
834 966 884 1022 Cis
900 971 928 1021 et
939 963 1191 1022 Transcaucasiois
1203 963 1345 1034 (Laden),
1356 963 1387 1016 in
1401 961 1506 1036 sylva·

230 1041 296 1096 ticis
310 1041 396 1096 Ponti
409 1055 500 1112 supra
511 1040 727 1112 Trapezuntem
747 1037 889 1109 (Bourgl)
913 1039 942 1092 et
956 1051 1049 1120 prope
1072 1034 1254 1092 Kbabakbar
1274 1033 1448 1089 Lazistaniae
1471 1032 1507 1088 in

230 1111 349 1182 regione
361 1111 462 1183 alpina
475 1115 639 1183 spontanea
656 1109 766 1181 (Ball),
784 1111 815 1165 in
834 1107 986 1164 Abchatub
1029 1123 1098 1179 rope
1117 1105 1301 1162 Sukumlrale
1312 1104 1445 1177 (Ruprl),
1471 1104 1507 1159 in

227 1182 301 1253 jugo
314 1182 424 1238 Elbrus
435 1182 544 1238 Persiae
556 1181 616 1238 bor.
630 1181 745 1253 (Bubse
755 1182 783 1250 l).
797 1179 831 1236 ln
843 1179 975 1236 Caucaso
1018 1177 1127 1251 lytscbe
1138 1177 1224 1233 dicta.

261 1278 309 1333 Ar.
330 1279 428 1349 teogr.
448 1277 482 1333 In
493 1277 613 1350 Europa
624 1277 738 1350 passim
754 1275 879 1332 occurrit
890 1273 943 1331 sed
955 1289 1015 1331 non
1027 1288 1096 1329 vere
1108 1275 1279 1345 spontanea.

275 1529 304 1591 i.
329 1525 372 1592 P.
389 1526 551 1594 ursina
568 1525 645 1612 (ΚΥ.
670 1522 847 1591 Verbandl.
866 1522 951 1589 Zool.
969 1521 1039 1589 But.
1063 1518 1139 1587 Ges.
1161 1517 1300 1586 Vindob.
1324 1519 1422 1604 1864)
1451 1537 1509 1586 ar-

227 1613 375 1692 buscula,
395 1615 496 1681 ramis
508 1615 626 1681 erectis
644 1613 802 1680 tortuosis
822 1612 1040 1695 subspinosis,
1068 1609 1204 1676 ramulis
1227 1609 1393 1688 velutinis,
1415 1609 1507 1676 loliis

223 1703 490 1787 ovato-ellipticis
506 1704 649 1770 crematis
667 1701 738 1768 basi
755 1701 940 1768 rotundatis
954 1701 1006 1766 vel
1025 1699 1201 1766 attenuatis
1217 1699 1336 1764 subtus
1353 1697 1508 1778 hirsutis,

221 1793 362 1875 gemmis
382 1793 536 1859 floriferis
560 1791 729 1873 unilloris,
759 1790 955 1879 pedunculis
979 1788 1185 1856 brevissimis
1210 1787 1377 1868 velutinis,
1397 1786 1510 1870 drupa

228 1881 362 1964 globosi
378 1882 640 1948 violaceo-rubri
656 1889 688 1960 5.

264 1991 341 2046 Hab.
355 1993 386 2047 in
400 1994 520 2062 regione
536 1990 695 2064 subalpina
707 1990 816 2046 montis
829 1989 923 2045 Garbi
935 2004 1025 2061 supra
1043 1987 1174 2043 Zebdani
1186 1989 1215 2044 et
1226 1986 1386 2043 Hermonis
1398 1987 1430 2041 in
1443 1987 1510 2042 An·

227 2061 354 2118 tilibano
368 2063 421 2118 ubi
434 2061 569 2134 sylvulas
589 2063 628 2118 ad
640 2063 691 2118 alt:
703 2061 784 2117 5000’
796 2061 906 2116 format
924 2059 964 2129 (K
987 2075 1066 2114 .exs.
1079 2059 1150 2129 401),
1170 2060 1201 2114 in
1219 2057 1326 2115 Libani
1345 2057 1424 2113 valle
1444 2057 1509 2114 Ka-

227 2134 321 2190 nobin
335 2135 447 2190 etcirca
459 2133 543 2189 Eden
555 2132 604 2202 (Bl
612 2135 640 2203 l).
649 2133 775 2188 Arabiae
788 2131 946 2188 illuit-ed
1030 2173 1036 2186 .

138 2295 140 2300 ,
261 2213 429 2287 Arbuscula
440 2228 818 2302 s1a-pedalismrupa9t,
831 2227 882 2283 nn,
894 2225 1094 2298 longasuta.

269 2341 303 2424 β,
317 2340 420 2423 flacc.
436 2376 478 2389 -
498 2340 624 2406 Praeter
645 2340 786 2424 drupam
803 2341 922 2406 flavam
939 2361 958 2406 a
976 2344 1055 2424 typo
1074 2356 1140 2404 non
1157 2338 1291 2404 differre
1306 2338 1448 2404 videtur.

262 2453 339 2509 Hah.
355 2455 385 2508 in
404 2443 532 2510 dumetis
544 2454 691 2509 montium
709 2432 892 2525 Akkerclagh
911 2456 941 2508 et
960 2451 1118 2524 Ssoffdagb
1139 2451 1232 2524 Syriae
1245 2451 1375 2507 borealis
1394 2450 1446 2506 ubi
1459 2451 1508 2508 in-

223 2525 406 2581 colisedulis
419 2525 587 2594 (Hausslrl).
983 2521 986 2533 ’

259 2684 324 2741 obs.
343 2685 368 2740 1.
376 2684 463 2740 —Cl.
477 2683 686 2741 Haussknecht
697 2683 797 2741 retulit
809 2699 825 2740 e
836 2683 938 2741 Persia
949 2684 988 2740 ad
1001 2683 1125 2740 Kohrud
1137 2684 1214 2739 inter
1226 2682 1363 2739 Kascban
1376 2685 1405 2737 et
1417 2680 1506 2753 Ispa-

224 2755 284 2811 ban
306 2755 405 2812 Prum
426 2757 555 2828 speciem
576 2757 608 2811 in
629 2756 769 2828 pomariis
792 2756 913 2812 obviam
935 2755 989 2811 sed
1014 2755 1192 2828 sylvestrem
1217 2754 1387 2810 fruticosam
1411 2751 1505 2810 ramis

220 2828 324 2883 erectis
337 2827 457 2898 glabris,
470 2827 549 2882 loliis
563 2829 679 2898 magnis
689 2827 719 2896 (3
749 2826 798 2884 oll.
808 2827 918 2898 longis)
928 2828 1025 2884 ovatis
1034 2828 1126 2883 acutis
1139 2843 1173 2882 ea
1181 2824 1285 2882 Gerasi
1296 2823 1503 2897 Capronianoe

224 2899 425 2968 referentibus,
445 2914 536 2971 supra
557 2899 683 2971 sparsim
701 2915 737 2955 su
759 2901 807 2954 tus
829 2898 867 2954 ad
886 2913 994 2954 nervos
1008 2898 1099 2954 dense
1117 2897 1248 2953 hirsutis
1265 2895 1367 2952 Floras
1386 2895 1503 2951 desunt.

222 2968 347 3024 Fructus
371 2970 479 3024 maturi
499 2985 513 3024 s
536 2969 637 3025 baericl
655 2971 812 3040 sanguinei
835 2965 1041 3040 magnitudine
1064 2968 1168 3025 Gerasi
1186 2967 1296 3024 aciduli
1317 2967 1370 3022 vix
1391 2966 1502 3023 edules.

220 3039 364 3096 Putamen
381 3044 505 3097 ovatum
515 2985 566 3097 gf!
577 3039 673 3097 lineas
685 3039 817 3112 longum.
829 3039 936 3096 Planta
947 3041 1064 3097 curiosa
1075 3039 1200 3096 ulterius
1213 3038 1431 3110 investiganda

259 3187 325 3244 obs.
350 3186 467 3243 2-01.
480 3187 611 3244 Blancbe
623 3188 705 3243 misit
716 3202 731 3243 e
744 3186 830 3258 Syria
842 3186 881 3243 ad
888 3187 1023 3260 Tripolin
1035 3183 1175 3243 monum
1186 3185 1218 3240 in
1231 3185 1324 3241 hortis
1337 3185 1506 3258 iremreuter

224 3258 336 3314 cultam
352 3258 478 3314 Arabica
490 3258 641 3316 Karasm'a
653 3259 777 3328 dictam,
793 3257 983 3314 arbusculam
1003 3259 1095 3314 ramis
1117 3256 1238 3328 glabris,
1257 3256 1336 3312 foliis
1360 3256 1505 3312 obovato-

220 3329 365 3400 ellipticis
387 3331 504 3385 tandem
524 3330 746 3404 bipollicaribus
765 3333 872 3456 iltraeter
913 3329 1017 3386 etiolos
1036 3328 1227 3402 pubescentes
1241 3327 1362 3397 glabris,
1375 3327 1504 3398 gemmis

223 3400 367 3455 bit-floris
381 3401 555 3472 numerosis,
567 3401 741 3475 pedunculis
755 3415 773 3472 g
786 3401 880 3470 abris,
922 3405 990 3458 uctu
1006 3405 1095 3456 ovato
1108 3403 1297 3470 atro-cyaneo
1310 3399 1431 3470 magnit.
1450 3397 1505 3456 Ca·

221 3470 290 3597 ausi
300 3471 418 3553 acidulo
431 3472 480 3527 vel
492 3475 605 3598 ioeJbO’
615 3473 766 3547 putamine
779 3488 831 3529 sax
842 3471 938 3531 lineas
950 3472 1049 3544 longo.
1062 3472 1171 3528 Fructu
1183 3470 1296 3527 Arabes
1309 3471 1503 3527 delectantur.

255 3557 274 3596 n
287 3557 398 3614 species
409 3557 528 3616 propria

531 3823 749 3901 nnnnnnm
771 3825 896 3922 nturi.
921 3826 998 3900 lm.
1025 3825 1087 3900 uu
1112 3825 1201 3921 aaa).

265 4025 380 4108 Drupa
398 4041 533 4091 carnosa
549 4024 756 4091 indehiscens
773 4022 928 4090 velutina.
946 4023 1107 4090 Putamen
1118 4022 1400 4104 ovato-globosum
1413 4040 1502 4088 com·

221 4131 377 4196 pressum
399 4115 529 4180 laeve-
541 4113 650 4181 Arbor
679 4113 763 4180 loliis
780 4113 982 4180 estivatione
999 4111 1190 4178 convolutis.
1214 4109 1327 4178 Genus
1346 4129 1365 4176 a
1384 4111 1503 4177 Ρνιιηο

221 4201 334 4268 differt
349 4207 476 4270 tantum
495 4203 604 4271 fructu
622 4203 779 4269 velutino.

270 4439 297 4502 l.
322 4439 367 4506 A.
384 4437 591 4523 vulgaris
610 4437 714 4524 (Lam.
735 4438 818 4504 Dict.
840 4437 869 4520 I,
891 4456 923 4522 p.
946 4436 981 4523 i]
1000 4437 1101 4503 ramis
1120 4437 1278 4504 tortuosis
1305 4437 1500 4518 inermibus,

219 4525 305 4592 iobis
335 4527 455 4609 peticio
480 4526 682 4610 longiusculo
708 4527 819 4611 gracili
849 4527 995 4594 suliultis
1021 4526 1143 4609 glabris
1170 4527 1275 4594 oratis
1304 4526 1500 4594 acuminatis
