3290 5176
17 372 18 378 κ
143 334 333 396 Gleditscdia.
669 355 880 398 anonumoem
1369 344 1424 402 631

189 516 217 578 1.
240 511 287 580 G.
305 512 494 600 Gaaploa
508 514 613 600 [Desl.
627 513 707 581 Arb.
721 513 763 597 ΙΙ,
773 533 804 599 p.
822 513 903 600 alt)
917 513 1021 598 spinis
1036 512 1212 598 gracilibus
1225 515 1424 600 compressis

144 601 329 679 mmulosis‚
346 603 432 669 soliis
452 604 595 687 pinnatis
620 604 674 669 vel
697 604 876 687 bipinnatis
905 603 1023 670 foliolis
1051 603 1243 686 maJusculis
1269 603 1426 688 elliptico-

143 690 292 775 oblongis
305 690 443 774 obtusis,
455 694 593 758 racemis
612 691 803 758 axillaribus
823 693 898 759 lolio
918 691 1204 773 subbrevioribns‚
1219 693 1340 776 sepelis
1367 709 1428 776 pe·

144 778 284 864 talisque
300 781 456 864 utrinqne
475 781 681 862 tomentosis,
699 781 922 864 leguminibus
938 782 1037 848 rectis
1056 782 1110 847 rel
1131 781 1320 848 subfaloatis
1338 799 1426 847 mar·

144 867 218 950 gine
233 867 422 937 seminilero
438 869 642 936 subsinuatis
662 879 690 946 5.

178 978 255 1036 Hab.
268 978 299 1035 in
313 981 375 1036 tota
387 995 419 1064 r·
441 981 505 1036 'one
519 980 663 1051 sylvatica
683 982 720 1037 ad
742 995 823 1036 mare
843 979 987 1053 Caspium
1007 981 1038 1036 in
1046 995 1139 1107 prov.
1153 979 1286 1053 Talyscb
1297 977 1425 1050 (C.A.Ml

146 1047 252 1121 Hohl),
265 1066 348 1122 prov.
361 1049 422 1107 Glu
434 1067 472 1106 an
485 1051 564 1108 Pers.
577 1052 640 1107 bor.
654 1052 760 1122 (Auch.
773 1051 857 1107 4376}
871 1051 1008 1122 Bubsel).
1022 1051 1045 1108 F
1061 1095 1066 1106 .
1080 1051 1149 1108 Mar.

145 1143 350 1273 ngssbfsseis
364 1144 399 1204 G.
413 1146 596 1204 numantinos
610 1147 702 1220 duplo
715 1147 836 1219 majora,
860 1145 1012 1218 legumina
1024 1147 1141 1204 minora
1152 1145 1346 1220 semipedalia
1361 1145 1425 1220 pol·

545 1440 612 1507 'Tru
635 1439 707 1506 XII.
734 1439 924 1508 CASSIEAE
942 1440 1015 1507 Btb.

190 1606 281 1674 Folia
299 1608 416 1692 impari
435 1610 488 1675 vel
513 1609 653 1693 abrupte
679 1609 822 1692 pinnata.
853 1608 966 1674 Petale
985 1607 1108 1692 saepius
1138 1611 1157 1675 5
1182 1607 1293 1675 rarius
1322 1609 1424 1702 nulle.

145 1694 303 1762 Antberae
331 1696 475 1763 basilixae
502 1699 612 1766 rarius
639 1698 820 1765 versatiles.
852 1695 1010 1763 Ovarium
1041 1699 1095 1764 vel
1128 1697 1228 1783 hujus
1252 1697 1356 1782 stipes
1390 1697 1425 1764 in

144 1782 247 1851 fundo
267 1785 384 1870 calyois
400 1786 552 1853 liberum.

584 2023 780 2121 ussup.
802 2023 877 2098 ull.
898 2023 987 2120 ala).

190 2195 316 2282 (lelycis
332 2199 431 2266 bibus
451 2199 667 2266 brevissimus
686 2198 806 2284 sepelis
826 2205 859 2266 et
875 2197 993 2282 petalis
1018 2198 1208 2265 imbricatis.
1237 2196 1383 2264 Stamina
1405 2199 1425 2263 e

145 2286 198 2352 vel
228 2290 269 2352 lo
291 2287 403 2368 ilibera
427 2289 535 2355 omnia
562 2289 699 2372 aequalia
727 2288 781 2354 vel
806 2287 980 2372 superiora
1005 2288 1143 2368 minora,
1167 2287 1313 2354 antherae
1338 2286 1426 2353 basi·

144 2374 218 2441 lixae
236 2377 329 2460 apice
344 2395 425 2460 poro
440 2378 493 2443 vel
512 2378 596 2442 rima
619 2377 714 2444 brevi
741 2377 863 2461 saepius
888 2375 1104 2464 dehiscentes.
1131 2375 1297 2459 Legumcn
1321 2375 1425 2442 forma

144 2464 238 2529 valde
252 2465 381 2531 varium
400 2469 487 2532 teres
506 2465 558 2532 vel
577 2483 813 2550 compressum,
839 2465 1048 2532 indehisoens
1069 2466 1192 2549 saepins
1220 2465 1359 2532 bivalre.
1379 2499 1426 2515 —

142 2535 272 2636 Herba,
290 2553 425 2623 frutices
441 2555 494 2621 uel
506 2555 642 2622 arbores
657 2555 743 2621 loliis
763 2555 902 2640 abrupte
920 2553 1075 2638 pinnatis.

141 2784 305 2856 Sennae
319 2788 441 2857 Toum.
461 2827 506 2838 -
524 2789 639 2875 Sepala
659 2793 785 2858 obtusa.
810 2791 956 2858 Stamina
982 2788 1157 2873 inaeqnalia
1184 2789 1341 2857 inferiora
1367 2809 1425 2856 an-

366 2879 469 2946 tberis
491 2879 665 2964 biporusis,
694 2899 823 2947 summa
845 2880 909 2946 tria
936 2879 1063 2947 sterilia
1087 2877 1223 2943 minora.
1256 2876 1426 2962 Legumen

365 2985 591 3052 compressum
617 2970 719 3054 septis
742 2970 923 3036 tranversis
948 2967 1118 3052 completis
1144 2967 1199 3032 rel
1217 2967 1425 3051 incompletis

363 3057 611 3124 multiloculare.
640 3058 773 3126 Semina
796 3077 985 3142 compressa
1006 3056 1150 3126 funiculo
1173 3055 1323 3138 elongato
1349 3057 1425 3122 bre·

365 3164 465 3212 viora.

189 3286 217 3368 1‘.
241 3303 283 3373 G.
307 3303 498 3370 obovata
514 3301 649 3387 (Collad.
669 3303 754 3370 Mon.
781 3323 812 3388 p.
841 3302 901 3388 92)
930 3302 1089 3385 adpresse
1113 3303 1146 3365 et
1176 3317 1274 3383 parce
1297 3299 1423 3366 birtnla

141 3389 366 3473 plumescens,
383 3391 528 3458 caulibus
546 3393 714 3460 herbaceis
733 3390 999 3472 ascendentibus,
1022 3389 1107 3456 loliis
1127 3389 1287 3472 biiugis
1304 3389 1422 3456 foliolis

142 3479 292 3546 obovatis
311 3480 447 3562 obtusis,
464 3481 595 3564 stipulis
621 3481 808 3548 lanceolatis
836 3478 1092 3566 persistentibus
1100 3527 1110 3570 ⁹.
1137 3478 1276 3544 racemis
1300 3477 1422 3543 [lorum

141 3567 334 3635 laxiuscnlis
352 3568 428 3634 lolio
447 3568 721 3652 sublongioribus,
738 3571 902 3653 legumine
920 3566 1090 3634 falcilormi
1112 3566 1184 3633 basi
1205 3570 1238 3631 et
1257 3567 1347 3650 apice
1365 3567 1423 3632 ob

139 3657 312 3723 tusissimo
327 3657 472 3738 margine
495 3657 642 3724 interiori
665 3661 732 3724 late
760 3660 845 3726 alato
870 3664 914 3728 il.
945 3657 988 3722 Ic.
1010 3653 1089 3738 Coll.
1113 3656 1196 3720 Mon.
1216 3653 1280 3720 tab.
1307 3657 1346 3722 15
1364 3654 1419 3737 fig.

140 3744 184 3810 Α.
200 3783 242 3793 -
260 3744 376 3812 Cossio
389 3745 498 3812 Senon
512 3745 546 3810 L.
564 3765 606 3812 ex
624 3752 728 3831 parte.
749 3781 793 3796 -
814 3748 845 3814 G.
863 3745 1015 3812 obturato
1030 3745 1156 3828 Hayne.

177 3857 255 3914 Hab.
268 3859 301 3914 in
322 3859 452 3914 arenosis
464 3858 503 3914 ad
516 3858 618 3914 Nilum
630 3859 662 3915 in
676 3859 806 3933 AEgypto
825 3877 861 3916 su
900 3861 976 3914 riore
994 3858 1032 3914 ad
1046 3857 1174 3929 Syenem
1188 3853 1284 3927 (Siebl
1297 3853 1422 3936 Boissl),

139 3927 257 3985 deserto
280 3929 407 3985 Arabico
434 3929 472 3984 ad
494 3929 636 3986 Kahiram
656 3930 797 4002 (Krall),
834 3949 852 3986 a
899 3946 980 3986 mare
1013 3929 1150 3986 Rubrum
1175 3941 1267 3999 prope
1289 3925 1420 3980 Kosserr.

192 3999 258 4054 hwl
273 4043 280 4070 ,
294 4000 406 4055 Arabia
417 4000 519 4056 Petrae
531 4001 570 4056 ad
583 4001 680 4058 Ouadi
692 4002 791 4058 Gurra
803 4001 935 4075 (Schimp
944 4003 973 4072 l),
996 4001 1034 4056 ad
1048 3998 1144 4056 Ouadi
1158 3996 1280 4053 Arabah
1306 3994 1421 4066 Rothi),

169 4069 261 4152 elutso
285 4071 314 4124 'a
332 4071 414 4126 infer.
434 4070 587 4142 (Stoeksl)‚
613 4072 713 4128 insula
727 4073 867 4129 Klschma
885 4074 968 4129 sinus
988 4071 1098 4128 Persici
1119 4067 1254 4151 (Auohl).
1273 4065 1316 4150 F..
1334 4065 1419 4120 Mart.

137 4139 257 4196 Folaola
269 4141 349 4214 apud
360 4142 600 4215 pharmacopolos
615 4145 735 4200 nomine
747 4143 855 4201 Sennoe
866 4143 982 4200 Italleoe
992 4142 1041 4200 vel
1051 4139 1205 4212 Alepeaoe
1215 4138 1418 4194 venditantur.

178 4233 209 4290 C.
261 4233 377 4292 desecas
389 4236 422 4292 R.
434 4235 480 4291 Br.
493 4238 524 4292 in
540 4237 611 4294 Salt.
625 4238 733 4310 Abyss.
744 4239 855 4310 species
869 4237 966 4293 affinis
980 4237 1032 4292 sed
1044 4233 1220 4288 indumento
1233 4229 1417 4300 tomentello‚

139 4251 260 4388 foliosig
266 4306 432 4362 minoribus
444 4307 563 4380 oblique
576 4309 826 4380 ovatooblougis
839 4308 962 4364 lloribns
976 4305 1068 4378 duplo
1078 4303 1251 4386 majoribus,
1267 4299 1419 4372 legumine

140 4376 273 4432 bremori
291 4378 463 4434 tomentello
477 4379 603 4450 diversa,
615 4381 647 4435 in
658 4379 766 4452 Nubis,
782 4379 893 4435 Arabia
902 4379 986 4450 felici,
1002 4391 1084 4450 prov.
1098 4373 1203 4430 Scmde
1214 4371 1348 4443 vulgarls
1360 4370 1419 4426 for-

139 4461 201 4502 san
213 4447 242 4502 in
255 4447 425 4505 Belutschia
436 4449 572 4506 calidiore
585 4451 752 4524 reperietur.

180 4541 225 4596 dr.
238 4542 338 4614 Seopr.
352 4543 512 4616 Senegalia,
525 4545 633 4618 Nubis,
645 4545 816 4618 Abyssinia‚
832 4545 944 4600 Arabia
956 4543 1036 4614 felix,
1051 4555 1135 4613 prov.
1148 4537 1256 4596 Scinde
1272 4533 1374 4592 Indiae.
1422 4585 1424 4590 ,
