3118 5176
701 311 908 354 uscunnrosrr.
974 297 1158 372 Astrcpotus
1170 302 1316 372 (XXXIII.
1329 305 1513 378 Christiana).

637 491 728 558 Scor.
751 491 903 557 XXXIII.
934 491 1138 561 Cnnrsrmna.

483 654 498 682 *
535 655 677 712 Ovarium
693 660 722 712 et
734 655 874 726 legumen
887 656 1079 728 pubescentia
1091 657 1140 714 vel
1153 658 1270 714 villosa.

444 778 477 843 4-
515 775 632 848 Calycis
645 775 845 848 campanulati
857 776 952 848 pubes
965 777 1050 848 nigro
1063 777 1191 851 alboque
1205 780 1307 835 mixta.

239 891 276 948 A.
291 893 509 966 tephrosicider,
523 892 702 967 Carapcnae.

547 1022 579 1086 ÷
600 1022 632 1086 -t-
653 1016 771 1088 Calycis
785 1015 917 1072 tubulosi
932 1017 1026 1089 pubes
1038 1033 1118 1074 mere
1132 979 1210 1074 alba.¹

504 1137 538 1210 a)
551 1137 702 1210 Legumen
715 1138 850 1194 inflatum
869 1141 992 1194 ovatum
1008 1138 1056 1194 vel
1072 1138 1241 1210 globosum.

236 1257 274 1313 A
288 1255 499 1326 Sieccraianna
515 1273 738 1331 mwccarpna,
754 1255 886 1314 macas.

478 1378 508 1452 b)
527 1378 680 1450 Legumen
693 1381 816 1433 ovatum
826 1378 874 1434 vel
888 1378 1054 1450 oblongum
1066 1395 1276 1453 compressum.

233 1507 271 1562 A.
287 1504 479 1572 Chrestianus,
499 1505 624 1576 Ciliciam,
639 1504 806 1578 aleppiae
824 1503 1070 1578 diphthcmlcbns,
1083 1505 1188 1579 patara,
1209 1505 1395 1580 camololma
1410 1505 1516 1564 nebula

425 1580 519 1649 ferus,
538 1575 806 1650 metanoplrrurr'us,
825 1575 1030 1650 crtlrocarpua.

558 1697 573 1726 *
592 1697 608 1726 *
628 1697 771 1754 Ovarium
783 1699 981 1770 legumenque
996 1698 1183 1769 glaberrima.

653 1822 685 1887 4-
705 1819 822 1891 Calycis
835 1820 929 1892 pubes
942 1835 1021 1876 mere
1033 1821 1110 1876 alba

233 1940 272 1995 Α,
285 1939 475 2008 columnaris,
488 1939 643 2008 monicus,
656 1955 868 2014 nearcoarpus,
881 1940 1057 2013 drupaccua.

410 2064 442 2128 ψ
478 2063 511 2128 ÷
543 2059 663 2132 Calycis
684 2061 778 2133 pubes
804 2061 890 2130 nigra
908 2059 957 2116 vel
976 2059 1061 2130 nigro
1088 2060 1218 2133 alboque
1232 2062 1333 2117 mista.

234 2181 272 2238 A.
291 2187 528 2254 rotomoccrpua,
547 2181 730 2252 tenoemteo,
753 2180 961 2238 itcrlreatanua.

476 2441 491 2468 *
529 2441 671 2497 Ovarinm
687 2444 716 2496 et
728 2441 867 2512 legumen
882 2439 1072 2513 pubescentia
1085 2441 1132 2498 vel
1147 2441 1265 2497 villosa,

425 2565 457 2629 -t-
496 2561 613 2631 Calycis
633 2559 832 2632 campanulati
853 2559 947 2631 pubes
966 2559 1050 2630 nigro
1066 2559 1193 2632 alboque
1211 2560 1312 2616 mixta,

158 2711 163 2721 ·
276 2679 1142 2770 tlt.A.tephrosioides(Bciss.D1agn.Scr.
1166 2683 1191 2761 I,
1217 2686 1248 2766 9,
1277 2703 1306 2767 p.
1332 2682 1390 2767 69)
1419 2685 1519 2749 caule

228 2776 353 2842 sulcato
372 2775 563 2856 parcissime
585 2777 703 2848 setoso,
719 2771 834 2836 foliolis
852 2772 1031 2854 9-tt-jugis
1048 2772 1390 2853 oblongo-lanceolatis
1407 2775 1521 2839 acutis

227 2865 384 2947 utrinqne
404 2863 562 2945 adpresse
583 2861 688 2937 tnrtis,
709 2860 840 2943 stipulis
857 2859 1053 2940 lanceolatis,
1069 2861 1207 2926 racemis
1227 2861 1418 2928 8-10-tlcris
1442 2879 1518 2928 ses-

228 2953 346 3020 silibns
364 2951 557 3017 laxiusculis
573 2951 605 3015 in
623 2949 729 3015 axillis
754 2947 993 3031 superioribus,
1018 2948 1155 3015 llcrihus
1178 2949 1272 3016 valde
1295 2949 1520 3031 abbreviatis,

228 3043 346 3125 calycis
374 3041 448 3124 pilis
477 3039 559 3106 albis
579 3044 612 3104 et
635 3038 736 3119 nigris
761 3038 870 3120 patule
900 3042 933 3102 et
958 3038 1051 3120 longe
1074 3038 1195 3121 hispidi
1214 3039 1339 3105 leniciis
1369 3043 1518 3105 setaceis

227 3131 387 3216 plumosis
406 3128 485 3196 tubo
505 3128 598 3194 brevi
611 3125 784 3209 subdupla
805 3126 1016 3208 longioribus.
1037 3126 1154 3192 vexillo
1164 3133 1258 3194 ovato
1278 3146 1422 3195 recurvo
1443 3129 1519 3194 alas

228 3221 309 3286 latas
328 3219 448 3284 breves
468 3219 587 3282 carinae
603 3217 677 3282 latae
698 3216 897 3299 aequilcngas
925 3222 1113 3297 superante,
1140 3217 1358 3299 leguminibus
1378 3217 1511 3300 patulis

227 3309 374 3374 breviter
389 3307 569 3372 linearibus
594 3305 856 3388 subccmpressis
882 3304 1005 3369 latrans
1029 3306 1063 3372 in
1091 3309 1238 3372 rostrum
1258 3306 1359 3372 breve
1376 3311 1518 3372 rectum

226 3396 424 3463 abeuntibus
447 3396 590 3461 breviter
609 3399 642 3459 et
658 3397 800 3477 sparsim
816 3393 954 3460 hirsutis
979 3397 1020 3462 it.

261 3507 337 3563 Hab.
350 3507 381 3561 in
395 3521 486 3576 regno
500 3505 641 3560 Cebalino
655 3519 746 3576 prope
759 3503 872 3558 Xursar
885 3503 979 3568 (Gn‘ff.
991 3503 1062 3559 tuis
1074 3507 1103 3560 et
1116 3503 1222 3574 10631).
1242 3467 1246 3478 .

259 3601 411 3686 Biporlalis
430 3605 459 3656 et
476 3601 602 3684 longior,
623 3599 725 3655 tolloln
743 3599 881 3656 inferiora
903 3599 1063 3672 pollicaria,
1086 3600 1172 3683 flores
1186 3599 1272 3656 valde
1286 3599 1436 3655 curvati6
1458 3599 1516 3682 liu.

224 3675 316 3746 longi,
336 3673 499 3744 legumen't
512 3672 608 3726 lrncas
621 3671 770 3740 lcngnmi
782 3671 875 3726 latum
888 3687 1027 3728 mucrone
1041 3671 1252 3744 sesqurlrneam
1264 3670 1361 3741 longo.
1386 3669 1521 3742 Sperres

224 3745 351 3819 pulchra
364 3743 462 3816 calyce
476 3747 504 3798 et
517 3743 627 3800 corolla
639 3741 820 3798 abbreviatls
840 3747 869 3798 et
888 3743 998 3799 foliolis
1014 3759 1140 3816 superne
1163 3744 1248 3800 hirtis
1266 3743 1298 3798 in
1315 3742 1453 3828 sectione
1470 3743 1520 3798 in·

224 3817 327 3888 signis.

271 4046 343 4109 tls.
374 4044 420 4112 Δ.
454 4043 701 4127 Caraqanae
730 4041 778 4124 (F.
806 4045 836 4104 et
862 4039 902 4104 Μ.
930 4037 964 4102 in
985 4037 1108 4103 Hchen.
1130 4037 1270 4120 Talyseh
1290 4057 1319 4120 p.
1343 4035 1425 4121 108)
1454 4040 1520 4104 ad-

222 4133 448 4216 pressiuscule
468 4137 500 4197 et
525 4132 672 4196 breviter
690 4131 806 4205 trirtus
833 4127 949 4193 foliolis
972 4126 1172 4210 tiit-mgis
1200 4125 1347 4207 oblongIs
1368 4127 1425 4191 vel
1456 4129 1522 4194 ob

222 4220 514 4304 longo-linearibus
529 4220 667 4298 obtusis
697 4217 829 4299 stipulis
850 4214 1047 4295 lanceolatIs,
1078 4216 1215 4281 racemis
1233 4214 1399 4280 5-6-ttoris
1422 4215 1519 4283 laxis

222 4310 368 4376 breviter
389 4309 625 4392 pedunculntis.
646 4307 764 4389 calycis
784 4305 858 4388 pilis
878 4303 1153 4387 adpressiusculis
1175 4305 1257 4369 albis
1276 4307 1310 4369 et
1327 4303 1437 4384 nigris
1461 4325 1523 4372 co-

221 4398 422 4482 piosioribus
438 4399 535 4464 obsili
555 4395 709 4462 dentibus
725 4395 803 4460 tubo
825 4389 1044 4466 brevioribus,
1068 4393 1186 4458 vexillo
1220 4392 1359 4458 charaio
1384 4398 1520 4462 retuso

221 4487 289 4554 alas
317 4487 426 4552 carini
447 4488 511 4552 lati
530 4487 586 4550 vix
614 4485 775 4568 longiores
802 4487 991 4566 superante,
1016 4481 1180 4564 legumine
1213 4499 1315 4565 porro
1344 4481 1524 4567 oblongo-
