3090 5186
191 410 265 469 loct
718 421 951 466 manmena.
1315 405 1456 462 canedo.

188 533 357 601 solitaria.
379 532 538 601 lllbnmen
555 536 659 602 latere
673 533 823 600 interiori
840 533 1036 600 involutum.
1050 565 1094 582 -
1106 530 1224 598 lierbae
1239 549 1367 614 annua,
1382 531 1458 596 albi-

193 623 294 704 llorae‚
314 623 485 690 involucro
504 626 595 691 nullo
611 623 664 690 rel
682 622 903 706 monophyllo.

678 858 693 886 ³
731 857 835 915 Aculei
849 857 976 914 unifarii

239 999 266 1062 l.
292 997 333 1066 G.
355 996 597 1068 daucoldes
617 997 669 1084 (b.
692 997 748 1081 Sp.
768 994 849 1083 tls)
875 1013 973 1080 parce
997 999 1032 1062 et
1054 997 1166 1080 patule
1192 995 1348 1076 setulosa,
1375 998 1461 1064 caule

190 1089 314 1170 praeter
333 1087 427 1153 basin
442 1087 555 1170 glabro
572 1088 684 1170 patule
702 1092 736 1154 et
754 1087 936 1153 dichotome
954 1103 1095 1165 ramoso,
1113 1085 1199 1151 foliis
1218 1084 1343 1152 ambitu
1362 1089 1461 1152 oratis

190 1174 463 1258 tripinnuliscctis
481 1175 659 1260 segmentis
678 1177 713 1242 in
729 1175 886 1242 lucinulas
906 1173 1120 1240 brevissimas
1141 1174 1286 1240 lineares
1305 1174 1463 1256 pinnatill-

192 1263 244 1328 dis
261 1266 413 1346 sectisve,
430 1265 582 1333 umbellis
596 1265 799 1346 longiuscule
809 1263 1038 1346 pedunculalis
1055 1264 1108 1326 23
1124 1263 1233 1328 rarius
1246 1263 1462 1344 assiduus,

185 1351 377 1420 involucclli
394 1356 514 1439 phyllis
526 1354 685 1421 brevibus
701 1353 888 1420 lanceolatis
903 1352 1027 1435 paucis,
1044 1352 1152 1417 lructu
1171 1351 1463 1435 ellipticooblongu

192 1441 349 1523 utrinque
359 1449 527 1511 attenuato
542 1442 661 1526 calycis
679 1442 833 1508 dentibus
854 1439 1040 1507 lanceolatis
1053 1445 1219 1522 superato,
1237 1441 1361 1506 aculeis
1377 1442 1464 1524 J'ugo-

191 1547 268 1595 rum
288 1533 559 1599 secundariorum
578 1531 812 1598 uniserialibus
830 1531 953 1614 glabris
972 1548 991 1595 e
1009 1528 1082 1596 basi
1096 1529 1205 1596 latiori
1223 1529 1350 1596 sulcata
1370 1532 1464 1596 subu·

192 1617 267 1684 latis
287 1622 377 1704 apice
396 1621 535 1688 hamatis
555 1621 752 1686 diametrum
770 1619 959 1702 mericarpii
980 1617 1187 1701 aquantibus
1211 1619 1266 1685 rel
1285 1618 1464 1701 superanti

192 1705 267 1789 bus,
288 1711 384 1793 stylis
404 1709 627 1794 stylopodium
644 1709 792 1776 conicum
811 1707 1019 1793 aquantibus
1041 1714 1090 1786 Θ.
1108 1706 1150 1773 Ic.
1162 1706 1252 1792 Jacq.
1272 1707 1389 1773 Austr.
1405 1707 1462 1773 tab.

194 1797 247 1862 57.
264 1833 301 1845 -
317 1799 421 1865 Rcbb.
443 1797 554 1866 Germ.
575 1800 671 1864 toll.

230 1907 306 1964 Hah.
320 1909 396 1964 inter
409 1915 523 1980 segetes
536 1909 607 1965 etin
621 1909 717 1978 cultis,
730 1909 845 1965 Graecia
857 1909 888 1963 in
899 1907 1050 1962 montanis
1067 1921 1159 1978 supra
1177 1903 1301 1962 Trikala
1321 1907 1372 1962 alt
1392 1907 1464 1964 lull·

193 1977 233 2046 (O
271 1981 324 2050 hl),
338 1981 463 2036 Thracia
477 1981 597 2050 (Frivh,
618 1980 758 2037 Anatolia
778 1979 840 2035 bor.
862 1978 1005 2048 (Tabim),
1021 1977 1134 2033 Pontus
1152 1981 1180 2033 et
1198 1980 1338 2033 Armenia
1350 1977 1465 2034 Turrita

191 2049 249 2174 &Ca
262 2055 294 2106 vl
309 2049 397 2134 itali),
413 2052 520 2135 Cilicia
529 2057 671 2108 montana
683 2051 721 2106 ad
734 2050 833 2134 (ᾖῡΙοΙι
847 2049 968 2120 Boghas
981 2049 1060 2104 etad
1072 2048 1220 2152 Gorumse
1233 2048 1283 2104 alt
1296 2049 1378 2106 '1200’
1391 2049 1464 2162 (Brit

221 2125 278 2191 yl),
291 2122 423 2178 Libanus
437 2123 562 2190 (Labrllt
575 2123 612 2177 Bl
621 2125 650 2193 l),
664 2123 776 2178 Tauria
786 2125 815 2178 et
826 2136 909 2194 prov.
928 2120 1184 2175 Transceucasrcae
1204 2119 1348 2191 (Laden),
1362 2120 1453 2176 Cauca

192 2193 412 2336 ξὲιὲαῗίῗὲἑῖἰξ
424 2193 520 2266 (liupr
530 2197 558 2264 l),
573 2194 674 2250 Persia
686 2194 748 2250 bor.
761 2195 791 2250 iu
805 2207 889 2266 prov.
903 2191 1085 2263 Aderbidy'an
1105 2190 1221 2261 (Szovl)
1239 2195 1268 2246 et
1284 2207 1371 2264 prov.
1388 2195 1464 2250 Asu-

236 2361 269 2444 p.
295 2325 469 2428 deracau.
488 2401 529 2410 -
543 2361 598 2428 cr.
612 2366 646 2428 et
660 2360 759 2428 soar.
775 2361 828 2427 cr.
842 2361 883 2441 11,
896 2363 970 2429 ort.
986 2399 1021 2408 -
1037 2361 1152 2427 leura
1165 2359 1329 2428 diametro
1346 2363 1464 2430 tructus

191 2451 295 2516 multo
316 2451 497 2520 breviores.
514 2489 556 2500 -
570 2451 603 2518 d.
623 2451 789 2516 mortecto
807 2449 915 2518 Bisch.
937 2451 1030 2517 Linn,
1048 2449 1135 2530 xlv,
1153 2469 1187 2534 p.
1212 2451 1285 2516 131.

230 2559 299 2616 Hah
322 2561 352 2616 in
367 2562 477 2619 Tauria
489 2562 565 2636 circa
576 2562 794 2635 Symphoropul
807 2561 1033 2632 (Stevl)‚1berid
1046 2559 1147 2629 (Wilh.
1161 2577 1197 2616 ex
1211 2559 1343 2633 Ledeb.).

192 2633 269 2758 melda
290 2633 390 2704 lieugr.
410 2633 529 2706 Europa
554 2633 653 2689 media
677 2637 706 2688 et
730 2633 871 2689 australis
894 2633 934 2688 ab
962 2631 1073 2704 Augila
1096 2635 1125 2688 et
1148 2632 1248 2687 Dauid
1269 2633 1308 2688 ad
1335 2634 1463 2690 Ressiam

262 2719 330 2758 ram.

237 2899 267 2962 d.
293 2897 333 2965 C.
354 2897 520 2966 tenella
538 2898 625 2984 (Del.
642 2897 689 2964 Fl.
713 2897 769 2981 Eg.
799 2917 828 2982 p.
851 2899 912 2979 58,
941 2895 1006 2964 tab.
1031 2898 1089 2977 al,
1117 2899 1168 2982 fig.
1199 2897 1236 2984 3)
1258 2900 1419 2984 adpresse
1435 2905 1464 2968 et

191 2986 332 3067 sparsim
362 2989 732 3076 aetutem-pubescens,
760 2987 846 3053 loliis
877 2984 1001 3053 ambitu
1029 2987 1178 3070 oblongis
1208 2989 1463 3073 bipinuatisectis

188 3076 369 3155 segmentis
390 3075 422 3140 in
445 3076 578 3142 lacinias
599 3076 718 3142 breves
745 3081 858 3143 acutas
888 3075 1164 3144 lineari-setaceas
1189 3078 1301 3160 sectis,
1318 3079 1463 3145 umbellis

189 3161 286 3244 longe
306 3164 534 3247 pedunculatis
555 3165 701 3231 breviter
726 3169 760 3230 et
786 3165 994 3248 inaequaliler
1024 3166 1250 3248 5-9·radiatis,
1282 3168 1464 3235 inrolucelli

189 3249 310 3333 phyllis
330 3254 516 3319 lanceolatis
537 3253 705 3336 brevibus,
724 3253 835 3321 lructu
854 3251 970 3320 lineari
990 3255 1109 3337 calycis
1135 3255 1293 3323 dentibus
1312 3258 1462 3324 lanceola·

186 3337 234 3404 tis
249 3341 407 3424 elongatis
428 3348 595 3426 superato,
615 3343 771 3427 jugorum
789 3343 1060 3410 secundariorum
1086 3344 1209 3411 aculeis
1236 3346 1462 3413 uniserialibus

189 3429 353 3495 subulatis
371 3431 573 3496 laeriusculis
594 3431 647 3496 rel
669 3429 794 3497 scabris
813 3431 1000 3515 mericurpii
1016 3431 1111 3498 diam.
1133 3434 1233 3517 triplo
1255 3435 1463 3518 longioribus,

190 3517 286 3599 stylis
304 3519 510 3585 brevissimis
533 3527 582 3598 Θ.

224 3626 299 3684 Hah.
313 3629 444 3685 incultis
458 3634 487 3686 et
502 3631 678 3702 graminosis
692 3631 809 3686 collinis
822 3631 927 3686 Attioae
940 3630 979 3686 ud
997 3631 1112 3688 radices
1126 3631 1262 3703 Hymetti
1279 3633 1425 3706 (Spraml),
1437 3635 1463 3688 et

188 3697 305 3755 ineollo
318 3700 445 3772 Philopa
488 3701 656 3772 o(Heldrl)
678 3703 788 3758 Ciliciae
808 3701 948 3758 littoralis
964 3701 1001 3758 ud
1014 3702 1143 3758 Mersina
1156 3701 1263 3774 (Ball),
1276 3705 1333 3762 Ale
1377 3703 1462 3758 'etin

187 3765 403 3842 Mesopotamia
427 3774 439 3841 (
470 3772 601 3843 ausslrl),
624 3773 711 3843 Syrio
735 3773 772 3829 ad
797 3772 937 3829 Sidonem
950 3772 1041 3843 (ΒΗ),
1071 3773 1246 3830 Antilibano
1272 3775 1312 3831 ad
1362 3773 1461 3832 ebdaui

187 3838 325 3910 (Boiam),
347 3843 461 3898 deserto
487 3844 524 3898 ad
545 3843 717 3914 Palmyram
741 3843 826 3914 (ΒΗ),
849 3844 1000 3900 Palestint
1018 3843 1057 3899 ad
1077 3843 1311 3917 Hierosolymam
1334 3847 1431 3916 (Boias

187 3907 318 3993 AEgypto
334 3913 470 3968 inferiore
480 3915 517 3970 ad
529 3913 741 3970 Alexandriam
752 3915 844 3985 (Del.)
866 3915 1040 3987 Assyritad
1050 3847 1462 3986 Mossulmuchexsffibbl}

188 3978 291 4037 Perstat
306 3984 432 4039 australi
448 3984 486 4039 ad
500 3984 636 4041 llosernn
649 3985 784 4054 (Heussk
796 3987 824 4055 l).
836 3958 881 4041 dl
895 3989 994 4056 voret

225 4077 323 4158 lf'aoies
336 4081 524 4150 sequentium
538 4098 557 4136 a
591 4081 679 4137 uibus
691 4082 834 4138 umbellis
850 4082 1066 4157 pluriradiatis,
1078 4081 1176 4140 bactu
1190 4085 1301 4140 minori
1319 4089 1349 4140 et
1360 4081 1460 4140 aculeis

188 4150 399 4205 uurserialihus
413 4151 556 4207 eximiedi
580 4157 631 4208 ert.
853 4160 857 4166 “

651 4371 667 4401 *
704 4373 719 4401 *
756 4374 860 4430 Aculei
873 4374 1012 4431 2-3-lnrii.

235 4493 264 4557 3.
290 4491 331 4558 G.
353 4492 632 4579 leptophylla
651 4495 703 4580 (L.
721 4493 778 4579 Sp.
798 4495 879 4580 ull)
899 4495 1060 4580 adpresse
1078 4497 1235 4578 setulosa,
1252 4497 1345 4564 caule
1360 4493 1458 4562 dicho

189 4583 275 4644 tome
292 4599 436 4657 ramoso,
453 4583 539 4649 loliis
557 4584 682 4651 ambitu
703 4583 852 4668 oblongis
865 4584 1128 4668 bipiunatiseclis
1143 4587 1326 4668 segmentis
1340 4586 1375 4652 in
1392 4581 1457 4649 laci·
