3090 5186
1537 139 1540 240 l

245 407 314 464 rme
770 415 1002 458 amausensis.
1386 396 1502 454 Darem.
1538 343 1540 440 Ι

290 544 323 625 β.
349 540 482 608 bicolor.
498 539 662 624 -Major‚
676 539 827 606 umbella
840 539 969 622 longius
983 539 1218 622 pedunculatae.
1235 537 1401 602 involucra
1418 544 1447 601 et
1461 537 1501 602 in·
1538 543 1540 600 t

245 631 404 699 rolucella
416 630 536 712 saepius
551 627 747 695 umbellulas
761 629 961 711 superantia,
971 627 1068 693 flores
1084 627 1243 692 centrales
1256 631 1287 690 et
1300 644 1387 708 saepe
1402 644 1500 692 omncs
1538 645 1540 704 ξ

246 721 346 786 liores
375 719 628 786 umbeliularum
656 717 849 783 neutralium
876 717 1004 782 steriles
1035 715 1175 780 violacei.
1193 751 1234 761 -
1263 714 1302 778 D.
1323 711 1441 778 bicolor
1465 713 1501 780 il.
1539 727 1540 764 t

247 810 349 874 lirare.
371 809 428 890 ΙΙΙ,
447 827 477 891 p.
499 809 553 888 64,
573 805 637 872 tab.
658 808 732 871 utu.
1539 819 1540 832 ¹

282 919 357 974 Hah.
382 919 413 974 in
439 917 545 986 vineis,
570 916 666 986 callia,
691 916 771 972 Asiae
797 914 919 997 Minoris
941 913 1064 996 (Sibilat.
1083 913 1233 995 Bithyniae
1254 913 1374 980 (Pasti),
1394 912 1503 968 collibus
1538 943 1540 990 y

244 993 382 1130 {anOyigpff
405 989 540 1060 (itemst),
563 988 658 1058 Syriae
673 987 734 1042 bor.
758 986 796 1042 ad
818 987 936 1040 Amrnh
950 985 1082 1056 (Gauii),
1107 983 1265 1040 Palestcnae
1293 985 1333 1039 ad
1356 984 1504 1040 Carmelum
1537 991 1540 1088 p

282 1157 319 1214 D.
330 1157 452 1214 Brolcr·i
465 1158 535 1212 Ten.
550 1156 586 1212 D.
601 1157 749 1212 muricato
765 1155 917 1210 L.aculeis
931 1155 1041 1210 fructus
1057 1154 1236 1210 distantibus
1257 1157 1287 1209 in
1301 1154 1418 1209 cristam
1430 1154 1505 1210 latam

249 1230 316 1284 basi
335 1229 449 1284 coalitis
471 1229 567 1284 affluis
582 1229 622 1282 ab
637 1243 671 1282 eo
689 1226 771 1282 caule
785 1227 875 1297 tenui,
894 1226 1067 1281 indumento
1087 1241 1145 1280 non
1169 1225 1296 1296 hispido,
1311 1226 1427 1280 laciniis
1438 1225 1506 1280 folio

249 1316 315 1355 rum
328 1300 424 1356 multo
439 1299 635 1372 parcioribus,
648 1298 789 1354 umbellis
806 1298 907 1370 partis
921 1297 1042 1352 brevius
1055 1296 1191 1366 radicatis,
1211 1297 1307 1351 fructu
1325 1298 1384 1352 fere
1402 1297 1505 1351 dimidio

249 1372 363 1426 minore
378 1371 484 1426 differt.
498 1370 534 1425 D.
550 1369 692 1426 sctrrlosus
710 1371 798 1424 Guss.
815 1369 1008 1438 distinguitur
1018 1369 1131 1422 fructus
1147 1367 1259 1422 aculeis
1274 1367 1505 1423 numerosioribus
1538 1415 1540 1436 ,

250 1443 344 1498 multo
354 1443 538 1498 tenuioribus
551 1445 580 1496 et
592 1441 779 1510 longioribus
793 1441 857 1495 basi
871 1443 997 1522 anguste
1011 1438 1130 1493 naclate
1145 1439 1271 1494 coalitis.
1287 1439 1426 1493 Nomeus
1474 1439 1507 1493 ifi-
1536 1461 1540 1528 y

249 1530 317 1568 cum
329 1511 366 1568 D.
379 1512 512 1568 bicolorir
526 1515 581 1568 etsi
594 1513 745 1584 antiquius
766 1527 825 1566 nou
846 1511 954 1584 speciei
970 1514 1037 1565 totae
1050 1509 1188 1567 convenit
1199 1515 1229 1565 et
1241 1510 1412 1564 Tenoreauo
1438 1525 1506 1565 ocum
1537 1537 1540 1584 ¹:

155 1607 159 1612 ·
251 1586 351 1640 cedere
365 1584 458 1640 debet.
512 1621 515 1630 .

1537 1585 1540 1612 Ι

285 1685 331 1738 Ar.
348 1681 448 1752 dabyr.
468 1681 553 1737 ltalia
566 1682 716 1738 australis,
917 1644 929 1665 ⁷
1536 1619 1540 1776 1

1536 1777 1540 1814 y

268 1903 306 1972 b.)
326 1903 449 1957 Fructtts
462 1901 556 1956 aculei
569 1902 634 1956 basi
648 1902 776 1957 breviter
788 1901 916 1957 connati.
933 1900 1016 1956 Folia
1029 1901 1058 1955 in
1072 1899 1218 1956 lacinulas
1234 1899 1366 1954 minutas
1378 1897 1494 1954 dissecta

297 2037 326 2102 6.
352 2037 395 2102 D.
416 2035 632 2102 littoralis
652 2031 770 2119 (Sibth.
795 2041 828 2101 et
851 2035 917 2102 Sm.
942 2035 987 2100 m.
1014 2033 1115 2100 Graec.
1142 2035 1197 2114 ΙΙΙ,
1219 2055 1248 2118 ρ.
1270 2037 1313 2100 65
1333 2034 1395 2100 sub
1413 2036 1507 2112 bilta
1536 2021 1540 2122 «ζ

252 2125 332 2192 collo
353 2123 544 2207 pluricaulis
564 2124 712 2189 caulibus
736 2143 832 2208 parce
853 2127 991 2192 ramosis
1010 2125 1133 2207 glabris
1153 2127 1204 2190 vel
1224 2129 1409 2190 retrorsum
1424 2123 1506 2200 iuriis
1536 2127 1540 2186 i

253 2215 338 2280 foliis
354 2213 501 2279 breviter
520 2211 614 2277 hirtis
634 2211 757 2279 ambitu
775 2214 921 2296 oblongis
938 2214 1198 2297 bipinnatisectis
1215 2214 1394 2296 segmentis
1408 2213 1439 2277 iu
1452 2211 1508 2278 laci
1536 2191 1540 2284 i

253 2304 347 2370 nulas
364 2302 507 2368 minutas
528 2301 740 2368 brevissimas
760 2321 914 2369 carnosas
933 2303 1088 2368 bct-fidas
1105 2303 1249 2384 partitis,
1270 2302 1416 2367 umbellis
1430 2319 1509 2384 oppo

253 2392 405 2460 sitifoliis.
418 2389 519 2456 radiis
535 2391 591 2454 7-9
602 2390 819 2472 inaequalibus
831 2393 982 2474 rigidulis
994 2391 1150 2458 brevibus
1160 2391 1341 2457 fructiferis
1350 2388 1509 2464 contractis,

254 2481 415 2547 involucri
435 2479 554 2562 phyllis
575 2478 720 2543 breuiter
741 2479 1023 2559 trifidispmbeila
1050 2481 1147 2563 triplo
1171 2480 1389 2554 brevioribus,
1408 2479 1510 2542 insolu-

253 2570 323 2634 cclli
350 2568 536 2642 lanceolatis
560 2568 704 2648 margine
726 2569 983 2635 membranaceis
1002 2569 1140 2650 integris
1158 2569 1307 2634 breviter
1324 2569 1435 2634 setosis
1454 2585 1507 2632 um·

252 2658 372 2724 helluli
391 2659 557 2739 compacta
577 2654 860 2738 subbreriorious,
884 2659 1001 2741 petalis
1030 2677 1146 2741 parum
1172 2657 1388 2735 radiantibus
1411 2655 1508 2720 aculeis

255 2747 324 2812 basi
345 2746 477 2810 dilatata
497 2745 643 2810 breviter
662 2747 816 2812 connexis
837 2747 1024 2813 lanceolatis
1044 2745 1247 2830 glochidiaiis
1268 2753 1318 2824 Θ.

300 2891 330 2928 α.
353 2857 530 2942 petruinus.
551 2896 595 2904 —
620 2857 737 2925 Cautes
765 2861 887 2940 diffusi,
912 2861 1063 2928 loliorum
1088 2861 1213 2942 vaginae
1239 2861 1365 2938 ciliane,
1382 2861 1508 2942 jugorum

255 2948 525 3050 secundariorum
549 2949 653 3014 aculei
673 2951 770 3014 lodi
789 2950 948 3015 diametro
973 2951 1099 3016 frirctus
1123 2950 1298 3032 aquilongi
1326 2950 1376 3014 rel
1404 2947 1510 3013 sublon-

278 3055 373 3102 rores.

255 3058 275 3120 g
293 3147 370 3202 Hab.
384 3147 413 3201 in
428 3147 584 3201 maritimis
598 3146 690 3220 Cypri
703 3147 819 3218 (Simu,
835 3145 889 3217 Ky.
904 3163 964 3202 exs.
976 3147 1043 3202 6641
1058 3147 1115 3202 sub
1128 3145 1165 3202 D.
1179 3147 1356 3215 maritimo),
1374 3161 1454 3219 prope
1463 3143 1510 3198 ‘iri-

256 3217 349 3289 polim
362 3217 446 3287 (uu),
460 3219 536 3274 circa
548 3217 705 3273 Tortosam
719 3224 747 3274 et
760 3217 899 3274 Sidonem
914 3218 1044 3288 (Gaillr).

300 3319 333 3400 β.
360 3317 561 3383 Forslcoblci.
584 3356 617 3364 --
641 3318 763 3383 Similis
784 3318 980 3400 praecedenti
996 3317 1053 3384 sed
1074 3317 1176 3383 aculei
1195 3317 1228 3382 in
1251 3333 1440 3401 unoquoque
1452 3315 1511 3395 jugo

257 3407 428 3489 pauciores
447 3409 520 3488 6-9,
541 3408 611 3473 basi
627 3423 714 3490 saepe
731 3406 833 3488 magis
857 3407 990 3472 dilatati.
1019 3445 1059 3454 —
1082 3407 1122 3471 D.
1134 3404 1318 3488 pubescens
1339 3406 1425 3471 Koch
1439 3401 1510 3467 Umb.

257 3516 286 3577 p.
311 3497 361 3559 77.
380 3533 418 3542 -
440 3496 590 3561 Caracal-is
606 3495 726 3577 glabro
743 3495 858 3560 Forsk.
877 3495 991 3560 Desor.
1014 3497 1087 3560 206.
1104 3533 1140 3542 —
1168 3495 1210 3560 ic.
1232 3494 1303 3560 Del.
1323 3493 1391 3576 AEg.
1407 3492 1462 3558 lab.
1474 3489 1511 3555 it.

258 3585 309 3661 lig.
331 3585 360 3648 i.
381 3621 423 3630 -
444 3581 589 3666 Orloyo?
609 3584 793 3664 onisopodo
812 3583 918 3650 Boiss.
937 3583 1052 3666 Diagn.
1076 3584 1144 3649 Ser.
1165 3583 1188 3648 Ι.
1211 3586 1261 3648 10.
1279 3603 1309 3666 p.
1330 3585 1381 3649 lu.
1426 3661 1431 3670 ,

294 3693 369 3748 Hah.
387 3693 417 3747 in
432 3695 564 3749 arenosis
580 3694 736 3749 maritimis
750 3693 844 3764 Syriae
858 3694 895 3750 ad
908 3693 1073 3764 Berythum
1087 3693 1144 3763 (Bl.
1159 3709 1219 3749 exs
1232 3691 1324 3764 aaut),
1336 3693 1477 3750 Palestina
1486 3687 1512 3743 ad

258 3763 343 3818 Kaifa
366 3764 507 3834 (Cadmi),
531 3766 607 3820 inter
627 3767 708 3820 Gaza
728 3770 756 3820 et
777 3765 902 3821 Ramleh
924 3765 1022 3834 (Kylt,
1044 3765 1174 3836 AEgypto
1200 3766 1237 3820 ad
1260 3765 1402 3828 AboukIr,
1421 3764 1513 3820 Rosette

257 3833 341 3896 (Deli
355 3834 492 3890 Ehrenbl
509 3835 610 3890 Krabk
621 3838 648 3904 i).
662 3836 698 3890 ad
711 3836 886 3906 Pyramides
900 3835 1017 3906 (steht),
1035 3837 1186 3892 Palestinb
1205 3837 1339 3892 interiori
1353 3839 1425 3892 iuter
1435 3833 1513 3888 Hiar

258 3904 406 3974 solymam
421 3908 450 3960 et
462 3907 614 3978 Naplousa
628 3907 761 3975 (Boissl).

303 4031 332 4090 y.
359 4001 567 4068 Goilloroloti.
588 4040 627 4050 -
646 4001 762 4068 Caules
780 4006 888 4070 erecti.
911 4007 1026 4071 Acutri
1051 4006 1083 4076 iu
1099 4007 1178 4090 jugo
1206 4005 1289 4072 9-10
1318 4014 1429 4072 tenues
1451 4003 1513 4067 fruc·

259 4093 312 4154 tus
333 4090 428 4155 diam
448 4091 627 4158 breuiores.
648 4127 693 4138 —
711 4093 750 4156 D.
773 4091 974 4158 Gosillorrloti
993 4093 1097 4160 Boias.
1118 4095 1197 4160 blss.

292 4199 371 4255 Hah.
386 4199 461 4256 inter
474 4202 564 4256 Neria
578 4202 616 4257 ad
631 4203 748 4258 Amrith
762 4219 854 4274 prope
866 4203 1025 4259 Tortosam
1038 4207 1069 4259 in
1083 4204 1170 4274 Syria
1181 4205 1277 4274 [Gaill
1288 4207 1317 4274 l).

292 4296 407 4367 Species
426 4297 536 4378 aculeis
551 4298 619 4368 plus
632 4299 733 4353 minus
754 4299 853 4370 longis
877 4317 910 4354 ac
935 4301 1002 4354 basi
1022 4301 1155 4355 dilatatis
1179 4299 1379 4382 polymorphn
1392 4297 1439 4353 sed
1451 4293 1513 4349 indo
1538 4295 1540 4356 i

258 4364 493 4448 urent0‚lacin1is
514 4368 652 4423 foliorum
670 4371 793 4425 minutis
811 4371 985 4438 carnosulis,
1004 4371 1177 4426 umbellulis
1192 4375 1353 4443 compactis
1367 4371 1413 4424 vix
1425 4367 1513 4422 radiare
1539 4383 1540 4386 ¹

258 4435 338 4489 lubus
359 4435 589 4493 distinctissime.
604 4440 711 4495 Planta
734 4456 770 4495 ex
791 4441 911 4511 Algerirt
931 4443 1064 4497 interiori
1084 4443 1122 4498 ad
1145 4442 1310 4512 Laghouat,
1332 4441 1419 4498 Mzab.
1435 4433 1514 4491 Biskss
1539 4473 1540 4488 r

257 4505 358 4558 forsan
371 4507 503 4588 specifico
516 4508 615 4592 differt
628 4512 745 4580 vaginis
758 4527 818 4566 non
832 4513 946 4581 cibatis,
961 4513 1052 4568 radiis
1069 4517 1098 4568 et
1114 4511 1266 4585 pedicellis
1290 4510 1468 4583 longioribus
1483 4505 1513 4557 ΙΙ·
1538 4489 1540 4578 Ι

258 4575 413 4631 rolucellrs
430 4594 507 4650 saepe
521 4580 638 4652 infidia,
657 4582 769 4638 aculeis
790 4583 975 4640 tenuioribus
994 4583 1175 4640 diametrum
1196 4585 1310 4641 fructus
1328 4582 1432 4656 ‘cepio
1448 4587 1513 4647 Sil*
1539 4581 1540 4618 Ι
