3290 5176
230 351 286 410 662
627 395 630 415 .
794 370 939 414 mosacum
1351 357 1513 430 (iratumne.
1633 311 1634 332 ἶ

273 499 309 586 β.
332 501 565 586 betcrcpbylla.
584 538 627 554 -
646 504 735 573 Folia
751 506 879 572 minora
896 505 1030 573 mndem
1053 506 1171 574 subtus
1193 507 1431 590 glabresccntia
1456 526 1515 575 cu-

230 595 436 658 neato-ovata
456 594 595 660 indivisa
614 599 646 660 ct
665 596 812 680 breviter
831 596 958 662 triloba.

264 703 340 758 Hab.
353 703 384 758 in
397 707 538 762 Armenia
560 707 682 764 Rossice
699 707 837 764 orientali
859 709 897 764 ad
917 708 1121 764 Helenendorf
1139 708 1230 778 (Hob.
1250 709 1292 782 pl.
1316 725 1379 766 exs.
1399 711 1457 767 sub
1482 710 1511 768 C.

227 770 431 848 aeteropbyzet
439 777 475 847 1),
488 779 589 834 Persia
603 779 717 835 boreali
735 795 827 852 prope
840 779 987 836 Radkanu
1001 779 1114 848 (Buhse
1124 782 1152 850 1).

272 902 302 962 7.
323 873 507 954 otrofusce.
532 914 573 923 -
590 875 802 943 Glaberrima.
827 915 869 925 -
890 875 920 943 0.
938 875 1116 958 atrosuscu
1141 880 1230 944 Stev.
1262 879 1339 944 Mss.
1368 881 1404 945 in
1427 879 1509 947 Hob.

228 961 370 1045 Talysch
388 963 504 1030 linum.
522 1003 566 1012 —
578 964 676 1046 Mesp
693 964 870 1046 retrosuacc
889 964 922 1031 (l.
942 967 1032 1032 Koch
1049 967 1108 1034 loc.
1126 967 1178 1033 cit.
1199 986 1232 1051 p.
1253 970 1327 1034 100.

260 1073 337 1128 Hab.
351 1074 381 1128 in
394 1073 505 1130 Tauria
517 1076 618 1132 merid.
632 1076 722 1146 (Stev.
736 1093 773 1134 ex
787 1077 817 1132 G.
830 1077 933 1148 Koch),
946 1093 1028 1150 prov.
1037 1078 1169 1150 Talyscb
1182 1079 1226 1148 (C.
1240 1079 1347 1150 Koch).

260 1167 280 1222 S
302 1169 378 1250 ecies
390 1168 498 1252 babitu
511 1175 539 1225 et
551 1171 663 1227 fructus
678 1171 885 1242 magnitudine
899 1172 928 1228 C.
942 1189 1145 1245 monosypaam
1162 1174 1305 1246 reterens;
1321 1175 1350 1232 0.
1363 1181 1511 1249 perstupe-

223 1253 268 1364 νέξ
281 1243 336 1365 θεὲ.
350 1255 435 1311 cuyus
455 1241 566 1296 fructus
592 1257 650 1298 non
676 1244 748 1298 satis
770 1247 857 1298 notus
883 1243 953 1300 huic
973 1245 1095 1316 probab.
1119 1261 1156 1301 ex
1169 1245 1204 1302 cl.
1217 1246 1249 1302 C.
1262 1247 1346 1303 Koch
1359 1248 1511 1304 associan—

258 1407 305 1463 Δῐ.
325 1407 425 1479 (ieeur.
445 1409 601 1480 Hungaria
611 1411 633 1478 1,
654 1409 816 1481 Sangariat

171 1559 207 1663 *s
271 1637 301 1701 5.
327 1636 366 1704 G.
388 1634 661 1703 Heldr‘eichti
679 1635 800 1720 (Boiss.
814 1638 927 1722 Diagn.
948 1638 1018 1705 Ser.
1034 1639 1075 1718 11,
1090 1642 1120 1720 t,
1138 1659 1169 1724 p.
1184 1641 1242 1723 11)
1262 1640 1361 1704 ramis
1381 1643 1510 1704 tomen·

223 1723 322 1802 tellis,
338 1725 424 1790 foliis
445 1726 702 1792 membranaceis
724 1727 879 1811 utrinque
904 1728 962 1793 sed
992 1727 1110 1794 subtus
1131 1727 1267 1794 densius
1295 1733 1329 1793 et
1348 1728 1509 1811 adpresse
1634 1797 1635 1800 ,

222 1814 319 1880 hirtis
338 1813 408 1880 basi
428 1814 586 1881 truncatis
604 1815 657 1879 vel
670 1816 879 1892 subcuneatis
897 1817 1021 1882 ambitu
1036 1817 1150 1897 oratis,
1164 1817 1350 1900 junioribus
1366 1817 1505 1899 integris

223 1905 277 1970 vel
294 1902 440 1968 breviter
457 1902 586 1968 trilobis
606 1905 732 1970 ceteris
751 1905 1008 1988 pinnatipartitis
1025 1906 1149 1971 laciniis
1170 1907 1225 1970 5-1
1252 1905 1508 1988 oblongo-linea·

222 1993 317 2058 ribus
334 1993 424 2074 apice
439 1993 556 2058 obtuse
577 1993 791 2060 P-t-dentatis
811 1995 906 2060 valde
923 1995 1180 2077 divergentibua
1201 1994 1365 2078 corymbis
1381 1999 1509 2060 tomen·

220 2081 320 2162 tellis,
340 2081 436 2164 stylis
457 2083 512 2146 3-5
532 2081 654 2163 saepius
671 2082 712 2147 ad
727 2081 873 2148 medium
889 2083 1030 2162 coalitis,
1050 2085 1159 2150 fructu
1177 2101 1278 2166 parvo
1303 2083 1405 2149 rubro
1425 2083 1506 2149 sub-

221 2169 887 2254 11011031151111111011111113111111111
907 2172 1131 2239 subrevolutis
1158 2176 1312 2256 superato
1334 2181 1361 2248 1.
1380 2171 1413 2238 G.
1441 2189 1506 2237 mc

223 2257 405 2340 haccorpc
418 2259 465 2324 st.
483 2259 594 2341 Pelop.
611 2277 642 2342 p.
665 2262 704 2326 51
724 2278 766 2325 ex
786 2265 889 2343 parte.
1482 2302 1487 2322 .

257 2369 334 2426 Hah.
347 2370 379 2424 in
394 2373 493 2425 monte
509 2369 626 2425 Malevo
642 2369 779 2426 Laconiae
797 2369 901 2443 (Or-ph.
924 2369 966 2426 Fl.
989 2371 1082 2428 Graec.
1102 2389 1162 2429 eas.
1183 2373 1249 2430 6851
1269 2375 1298 2429 et
1311 2371 1381 2428 302!
1396 2371 1454 2427 sub
1469 2367 1499 2426 C.

221 2438 389 2510 laciniam),
403 2441 529 2496 collibus
543 2457 634 2512 prope
649 2441 852 2514 Megaspileon
864 2445 893 2498 et
909 2443 947 2498 ad
966 2442 1068 2499 Petras
1081 2444 1201 2500 Achaim
1214 2444 1321 2513 (Heldr
1331 2444 1368 2512 1),
1385 2443 1507 2514 regione
1600 2495 1610 2504 .

222 2513 353 2568 abietina
365 2512 474 2568 montis
490 2513 598 2568 Parnes
611 2513 716 2568 Atticae
730 2516 758 2569 et
769 2513 909 2569 Parnassi
923 2513 1037 2584 (Heldr.
1052 2515 1142 2571 Herh.
1156 2517 1257 2572 Norm.
1271 2513 1359 2580 1131).

256 2611 379 2668 Videtur
391 2628 409 2667 a
423 2611 450 2668 C.
465 2608 682 2685 melaaocerpd
694 2613 828 2738 specifice
842 2613 979 2668 distincta
998 2613 1090 2669 ramis
1109 2613 1308 2683 abbreviatis,
1327 2611 1408 2668 soliis
1431 2626 1500 2667 con-

218 2683 301 2739 fertis
315 2683 479 2738 minoribus
491 2683 543 2737 vix
556 2683 694 2754 pollicem
720 2684 806 2754 ongis
818 2683 934 2739 laciniis
952 2683 1047 2739 multo
1066 2684 1290 2755 angustioribus
1310 2687 1339 2739 et
1357 2683 1503 2740 inferiori·

218 2753 276 2808 bus
291 2754 328 2809 ad
341 2769 466 2810 nervum
480 2753 612 2808 medium
625 2770 719 2826 usque
733 2755 842 2827 saepius
855 2755 1014 2826 productis,
1026 2755 1124 2812 fructu
1137 2755 1260 2811 dimidio
1273 2755 1381 2810 minori
1397 2753 1501 2808 rubro.

217 2824 321 2881 Remis
341 2825 522 2880 abbreviat-is
535 2829 563 2878 et
578 2825 718 2881 foliorum
740 2825 886 2881 divisione
904 2827 992 2880 refert
1013 2825 1041 2882 C.
1059 2826 1263 2900 pubescentem
1273 2825 1355 2881 Presl
1380 2845 1414 2873 z:
1426 2823 1500 2880 laci-

216 2897 338 3022 niccpam
347 2895 434 2952 Ucria
447 2911 513 2968 quae
524 2895 641 2952 laciniis
654 2896 793 2952 loliorum
806 2897 985 2953 acutissimis
999 2899 1028 2952 et
1040 2898 1137 2954 fructu
1150 2898 1278 2970 elliptico
1291 2896 1377 2952 facile
1390 2896 1495 2952 distin

219 2982 272 3039 gur
287 2983 330 3023 ur.

283 3191 301 3275 1
326 3194 354 3257 t.
378 3192 789 3277 Meiostylae.-Styli
802 3193 974 3260 etiructus
988 3211 1122 3277 pyrenae
1144 3193 1197 3258 1-1
1208 3190 1378 3258 rarissime
1398 3193 1428 3256 3.

558 3351 574 3380 *
609 3351 734 3410 Fructus
746 3345 853 3408 saltem
866 3351 1008 3410 Cerasum
1022 3367 1152 3425 aequans.

141 3442 174 3524 1
263 3477 293 3540 6.
319 3473 362 3540 C.
385 3475 602 3543 Azarolua
620 3475 671 3560 [t.
686 3475 740 3559 Sp.
759 3475 852 3558 6811),
864 3476 1013 3554 arborea,
1027 3475 1163 3542 ramulis
1176 3471 1360 3559 junioribus
1374 3477 1505 3544 tomen-

217 3565 310 3642 tosis‚
331 3563 414 3630 loliis
437 3565 615 3631 chartaceis
645 3565 750 3630 firmis
779 3566 904 3647 glaucis
932 3564 1188 3648 pubescentibus
1207 3562 1331 3628 ambitu
1350 3562 1502 3630 eboratis

216 3653 312 3735 longe
333 3654 480 3719 cuneatis
494 3654 681 3736 junioribus
705 3653 856 3720 indivisis
883 3655 935 3721 vel
955 3653 1082 3720 trilobis
1101 3651 1228 3718 caeteris
1258 3651 1406 3716 eandm
1423 3652 1501 3718 laci·

217 3741 283 3808 niis
297 3743 522 3824 subsequimur
541 3741 678 3824 integris
693 3747 751 3808 aut
772 3743 862 3825 apice
880 3761 996 3824 grosse
1016 3741 1242 3819 t-t-dcntstia
1261 3739 1426 3821 corymbis
1448 3761 1502 3806 ra·

217 3831 320 3896 mosis
330 3831 636 3916 valdetomentosis.
652 3831 761 3898 fructu
773 3832 1015 3913 ovato-globoso
1027 3831 1130 3898 rubro
1142 3831 1195 3896 vel
1215 3828 1334 3894 ssavido
1352 3829 1371 3892 1
1387 3831 1503 3895 rarius

219 3921 380 4002 s-pyreno
399 3919 523 3985 laciniis
540 3920 694 4002 calyciuis
713 3919 849 3984 minutis
860 3919 992 3985 reflexis
1006 3926 1159 3986 coronato
1175 3929 1199 3994 5.
1213 3916 1314 3998 Mesp.
1330 3915 1503 3982 Azorolus
1635 3919 1636 3996 j

217 4011 251 4074 et
264 4007 309 4075 M.
329 4007 457 4073 Arenio
470 4008 574 4093 Spacb
589 4009 700 4093 Viget.
718 4009 858 4075 Phaner.
879 4011 909 4087 t,
922 4027 953 4092 p.
968 4011 1020 4074 69.
1031 4047 1072 4056 -
1083 4008 1113 4075 C.
1128 4004 1250 4073 trilobc
1260 4007 1351 4072 Pers.
1364 4003 1443 4088 Syn.
1458 4005 1514 4090 ll„

218 4097 370 4172 ar--u
388 4097 528 4164 Pontico
544 4096 576 4163 G.
598 4099 698 4164 Koch.
717 4135 754 4146 -
777 4097 819 4163 lc.
840 4097 913 4163 Βο1.1
927 4097 1005 4184 Reg.
1027 4097 1090 4163 tab.
1111 4093 1206 4164 1891.

253 4203 329 4260 Hab.
353 4207 384 4261 in
404 4207 530 4262 collibus
552 4207 636 4262 siccis
656 4209 685 4261 et
701 4205 852 4262 montanis
875 4205 1022 4262 Anatoliae
1039 4206 1190 4262 orientalis
1214 4205 1245 4260 in
1267 4206 1367 4260 monte
1390 4203 1502 4274 Argaeo

217 4275 412 4347 Cappadociae
425 4277 493 4345 (Bal
501 4281 529 4346 1),
537 4277 760 4348 Mesopotamiae
774 4277 811 4333 ad
824 4277 895 4332 Oria
910 4280 938 4332 et
950 4277 1108 4332 Diarbekir
1121 4276 1254 4346 (Haussk
1261 4278 1289 4346 1),
1299 4276 1389 4331 totius
1402 4273 1422 4329 S
1445 4275 1498 4329 riae

216 4346 356 4430 littoralis
374 4347 448 4429 (Kyt
463 4347 514 4402 Blt
534 4348 651 4418 Gaillt),
676 4347 784 4404 Libani
808 4348 846 4415 ad
871 4347 966 4404 Gebel
987 4347 1103 4404 Baruck
1143 4347 1252 4418 Boisst)
1278 4349 1307 4402 et
1332 4291 1500 4430 ᾼῃ1111ζ1111

218 4417 313 4487 (Ga1ll
323 4421 351 4488 1),
365 4423 454 4473 totius
467 4419 623 4474 Palestinae
640 4419 776 4544 (Βοίεεῼ,
790 4419 881 4491 Cypri
892 4419 931 4474 ad
944 4419 1105 4475 Prodromo
1119 4421 1131 4490 (
1160 4421 1214 4490 11),
1228 4421 1376 4474 Armeniae
1388 4415 1500 4472 Kurdr-

217 4487 330 4559 cee(l(y
341 4491 370 4557 1),
382 4504 464 4561 prov.
472 4489 727 4546 Transcaucasicae
764 4487 1498 4561 aluscb(Hobeu.],Persiaeaust1alisadPerezend

216 4559 325 4628 (Aucb.
339 4575 398 4615 exs.
412 4558 483 4614 4484
492 4561 512 4630 1)
524 4562 593 4616 etin
605 4564 706 4618 moute
719 4560 789 4617 Kub
801 4559 879 4617 Delu
889 4560 958 4634 (Ky.
972 4577 1033 4618 exs.
1042 4559 1131 4631 aaut).
