3090 5186
687 335 920 404 nusacnmanacss

553 521 762 594 rasulam
781 521 830 613 (b.
854 522 930 596 Gon.
952 519 1042 615 362).

146 749 148 753 .
202 695 329 780 Calycis
347 716 459 780 margo
473 698 640 766 obsoletus
656 700 708 764 vel
724 697 850 764 minuto
863 657 1094 766 denticulatus.
1110 699 1223 766 Patala
1236 700 1425 766 snbrotunda

157 785 445 868 iutegrainvelnta
464 793 586 854 rctrrsa.
614 786 756 854 Fructus
780 808 798 852 a
821 788 920 854 dorse
948 788 1271 871 plano-compressus
1296 789 1427 871 margine

157 881 297 956 angusto
314 895 379 941 non
399 877 579 958 incrassato
606 877 742 943 cinctus.
769 878 961 960 blericarpiu
989 879 1078 961 jugis
1096 879 1310 952 tenuissimis,
1332 878 1426 944 tribus

156 964 362 1029 intermediis
396 966 694 1048 aeqrridistautibus
724 967 854 1034 duobus
887 967 1080 1033 lateralibus
1114 968 1288 1051 conspicue
1308 968 1427 1033 remotis

157 1053 297 1133 margini
316 1055 489 1135 contiguis.
509 1056 605 1121 Villae
622 1057 656 1121 in
673 1051 841 1124 vallesalis
861 1057 1015 1124 solitariae
1027 1057 1198 1124 rarissime
1215 1058 1299 1124 binae
1315 1059 1426 1122 tennes.

160 1177 200 1188 -
218 1142 335 1207 llcrbae
354 1142 491 1209 biennes
507 1147 616 1212 rarius
634 1165 809 1228 perennes,
832 1147 972 1212 floribus
991 1146 1100 1213 luteis,

158 1430 251 1498 Sacc.
278 1431 300 1496 l.
326 1431 560 1498 Eurasrrsaca.
579 1470 620 1480 -
635 1435 790 1499 Biennos.
810 1433 987 1500 Irreoluero
1003 1439 1033 1500 et
1051 1433 1250 1500 tunolncello
1265 1433 1362 1499 arctio.
1376 1433 1426 1498 Pe·

385 1522 454 1586 tulo
470 1523 590 1604 glabro
606 1523 706 1588 lacteo.

319 1681 333 1710 *
371 1684 494 1740 Fructus
504 1687 578 1757 juga
591 1687 697 1742 tenuia.
711 1687 800 1742 Vittae
813 1686 969 1742 vulleculis
981 1687 1077 1742 multo
1090 1687 1287 1757 angustiores.

208 1823 237 1885 1.
265 1820 308 1886 Ρ.
330 1822 480 1889 sativa
497 1821 547 1903 (L.
567 1823 621 1905 Sp.
644 1821 725 1906 376]
745 1823 837 1888 caule
867 1823 1173 1905 angulata-sulcate,
1199 1823 1283 1888 loliis
1305 1824 1426 1906 pinnati·

160 1911 258 1975 sectis
278 1929 377 1993 supra
404 1911 515 1976 nitidis
549 1913 667 1978 subtus
691 1911 949 1994 pubescentibus
978 1913 1156 1994 segmentis
1184 1913 1424 1995 ovato-oblongis

160 1998 288 2064 obtusis
304 2003 444 2065 crenalis
463 2001 655 2074 lateralibus
676 2000 802 2080 inbutis,
822 2004 928 2067 fructu
950 2008 1044 2068 ovato
1060 2001 1183 2083 glabre,
1209 2001 1296 2067 vittis
1321 2019 1424 2067 versus

159 2087 254 2153 basin
275 2087 400 2154 tructus
418 2090 692 2172 eonvergeutibus
711 2091 900 2166 attenuatis,
914 2089 1224 2156 commissuralibus
1237 2089 1321 2156 binis
1336 2090 1374 2173 (ξ)
1389 2090 1423 2154 lc.

160 2175 262 2242 Rcbb.
283 2176 392 2242 Germ.
413 2179 476 2244 tab.
498 2181 592 2245 1982.
614 2219 654 2228 -
677 2181 717 2245 P.
746 2179 920 2261 sylvestris
946 2179 1022 2244 llill.
1053 2216 1094 2225 -
1121 2179 1158 2244 P.
1177 2177 1332 2244 rrrnhrosu
1346 2179 1421 2244 Ster.

161 2285 222 2331 nc.
244 2267 360 2332 Prodr.
382 2267 436 2345 IV,
455 2289 484 2350 p.
506 2271 568 2334 189
588 2287 629 2336 ex
650 2271 720 2352 ipse
738 2274 871 2334 auclore
885 2269 917 2333 iu
930 2267 1047 2333 Enum.
1065 2267 1167 2333 Taur.
1189 2287 1217 2351 p.
1237 2271 1308 2332 115.

196 2377 274 2431 Hab.
291 2377 321 2432 in
335 2380 435 2450 pratis,
448 2377 671 2451 Peloponnesus
684 2382 734 2448 (ex
748 2379 850 2449 Bory),
863 2377 1038 2434 Macedonia
1051 2379 1165 2450 (Friul,
1187 2377 1298 2434 Tauria
1314 2383 1340 2435 et
1356 2395 1424 2451 pror.

161 2445 329 2503 Caucasiae
341 2449 486 2528 [Ledebjl.

161 2545 242 2669 Alf..
263 2544 361 2616 (iacgr.
381 2545 500 2619 Europa
515 2548 613 2603 omnis
626 2564 644 2603 a
656 2548 760 2603 Snecid
773 2543 814 2602 ud
825 2545 963 2602 Rossiam
976 2546 1114 2616 mediam,
1127 2545 1236 2601 Sibiria
1251 2544 1393 2601 Uralensis
1402 2551 1426 2600 et

214 2631 285 2670 arca.

208 2845 236 2906 02.
262 2840 305 2906 P.
327 2855 467 2926 opaca
491 2839 625 2924 [Bernb.
644 2844 677 2908 in
704 2841 858 2909 Hor'nem.
888 2841 981 2908 Hert.
1007 2840 1101 2906 Hain.
1131 2839 1172 2915 II,
1194 2859 1226 2922 p.
1251 2836 1328 2922 961)
1349 2835 1425 2901 caule

160 2931 466 3012 angulata-sulcato,
497 2931 583 2997 loliis
611 2933 837 3016 pinnatisectis
864 2931 974 3012 opacis
1002 2933 1159 3012 utrinque
1186 2925 1427 3011 pubescentibus

160 3021 340 3100 segmentis
357 3020 462 3085 erratis
479 3021 547 3086 basi
567 3022 773 3087 subcordatis
790 3021 917 3086 obtusis
941 3019 1083 3084 erebatis
1109 3016 1297 3084 lateralibus
1315 3013 1426 3092 lebetis,

160 3109 270 3173 fructu
289 3115 383 3173 erato
399 3110 520 3190 glabro,
542 3111 631 3175 vittis
654 3131 756 3192 supra
779 3110 874 3175 basin
891 3109 1017 3174 tructus
1037 3105 1276 3186 desinentibus
1295 3103 1428 3170 commis

162 3197 329 3263 suralibus
347 3198 432 3263 binis
451 3199 492 3282 (ᾖ
513 3198 798 3265 Ic.Rcl1b.Germ.
818 3199 882 3263 tab,
907 3199 1001 3263 1983.

198 3307 275 3363 Hab.
289 3309 320 3362 in
333 3309 424 3380 pratis
436 3303 592 3378 montanis,
604 3325 690 3366 mons
703 3309 842 3365 Cbelmos
855 3307 1053 3434 Peloponnesi
1066 3305 1196 3378 (Orphll,
1206 3305 1375 3362 Macedonia
1384 3301 1428 3356 bn

162 3379 251 3434 realis
265 3379 295 3433 in
309 3384 408 3434 morale
421 3381 531 3436 Scordo
548 3382 668 3450 (Griseb
678 3384 697 3451 t)
711 3383 740 3438 et
753 3397 843 3453 prope
855 3380 922 3435 Bito
936 3381 964 3434 ia
976 3379 1071 3450 (Orpb
1080 3381 1108 3448 1).

197 3474 244 3529 Ar.
264 3473 365 3545 (iacgr.
386 3475 505 3548 Europa
518 3477 617 3532 media
633 3479 661 3532 et
674 3476 823 3532 australis.

208 3699 235 3762 3.
262 3697 307 3762 P.
328 3697 632 3776 teretiusoula,
652 3697 744 3763 caule
763 3695 978 3762 teretiusculo
1001 3696 1126 3772 striato,
1146 3696 1232 3762 loliis
1250 3695 1428 3780 pinnatisec-

162 3785 205 3851 tis
222 3805 324 3869 supra
343 3786 573 3868 glabriusculis
594 3787 711 3852 subtus
731 3785 986 3867 pubescentibus
1006 3785 1057 3850 rel
1074 3784 1350 3868 relutiuo-griseis
1369 3799 1427 3864 seg·

162 3875 282 3940 mentis
303 3877 497 3958 plerumque
514 3875 630 3957 amplis
651 3877 754 3940 oratis
773 3877 824 3939 vel
841 3874 1103 3957 ovato-oblongis
1119 3877 1262 3940 crenatis
1280 3871 1428 3956 superiori

163 3964 286 4046 saepius
307 3964 435 4030 trilobo.
455 3965 562 4028 fructu
579 3965 832 4046 erato-elliptico
845 3966 898 4030 vel
911 3963 1052 4045 elliptico
1072 3963 1195 4044 glabro,
1215 3961 1304 4028 villis
1320 3961 1381 4026 iere
1395 3957 1427 4022 ad

163 4053 257 4116 basin
277 4053 404 4117 fructus
420 4053 599 4134 perductis
620 4054 924 4118 commissuralibus
939 4052 1024 4117 binis
1038 4050 1324 4135 crassiusculisfi)
1343 4049 1376 4113 Ρ.
1394 4047 1429 4110 lu

162 4140 276 4220 tisolin
298 4141 415 4205 Ledeb.
433 4141 479 4206 Fl.
501 4141 596 4206 Ross.
618 4141 659 4216 11,
680 4143 743 4206 318
764 4160 827 4207 non
850 4161 911 4208 no.

200 4254 277 4308 Hab.
291 4255 321 4308 in
358 4254 427 4307 ralis
467 4254 608 4322 inguibus
622 4257 650 4308 et
663 4253 796 4308 humidis
816 4253 967 4324 Bithyniae
987 4253 1024 4309 ad
1038 4253 1197 4310 Broussam
1212 4252 1343 4321 (Belesi),
1355 4246 1428 4304 Ponti

162 4323 257 4381 Lazici
271 4325 309 4379 ad
352 4324 415 4379 biae
429 4271 532 4394 (Ball),
546 4325 739 4396 Cappadociae
757 4325 794 4379 ad
812 4324 979 4380 Caesaream
996 4325 1099 4394 (Bali),
1118 4323 1268 4380 Cataoniua
1291 4323 1321 4377 in
1343 4321 1425 4375 monte

161 4396 332 4466 Ber-ytdagb
359 4395 528 4465 (Hausslal),
548 4397 624 4450 inter
647 4396 794 4450 Adiaman
817 4400 846 4451 et
866 4396 988 4451 Malatia
1011 4395 1181 4465 (Hausskl),
1203 4393 1341 4450 lmeretiae
1366 4390 1425 4458 (Ru-

163 4467 299 4539 preelrti).
325 4467 462 4537 Georgica
490 4467 656 4522 Caucasicur
681 4471 709 4522 et
736 4483 816 4540 prov.
842 4467 972 4538 Talyscb
996 4467 1154 4538 (Hebent),
1175 4483 1256 4540 prov.
1284 4459 1424 4530 banhem

163 4538 313 4613 (Buhscl)‚
326 4537 430 4593 Libani
444 4537 483 4593 ad
496 4538 636 4594 Hasrour.
650 4538 726 4608 (Bu)
