3290 5176
147 377 311 453 Cratoeyus.
621 448 624 454 1
710 395 861 438 rosacum.
1027 383 1031 397 ’
1370 375 1425 434 663

181 522 281 580 Variat
294 523 433 580 foliorum
455 524 570 581 laciniis
591 525 812 596 angustioribus
832 528 861 581 et
879 525 1136 598 profundioribus,
1152 523 1248 580 dorma
1263 524 1344 582 culta
1380 524 1423 582 le·

143 611 272 723 fflgqge
274 594 617 724 nggaelqfiomtlffssgtge
615 596 815 724 S{({¹y⁰¹¹y¹(¹1¹⁰y¹‚¹·
825 596 854 652 G,
869 597 991 723 Artisica
1010 596 1089 669 apud
1111 600 1244 652 auctores
1264 611 1345 652 noun
1391 610 1426 652 os

206 682 274 722 ra
339 682 481 738 pereme
531 709 536 722 .
618 685 638 723 n
684 682 730 724 em
765 683 954 734 ammes.¹

177 761 232 818 Ar.
254 761 355 832 tteogr.
376 761 409 816 In
422 761 541 835 Europa
554 762 678 818 australi
690 762 796 818 colitur
814 763 867 818 sed
880 779 940 818 non
954 778 1022 818 vere
1035 763 1199 835 spontanea
1212 761 1336 817 videtur.

501 995 516 1026 ¹
553 998 569 1027 *
606 999 729 1056 Fructus
740 999 902 1055 mediocres
915 999 964 1055 vel
974 999 1070 1072 parvi.

186 1139 216 1204 7.
242 1138 284 1206 G.
305 1137 483 1206 Sinaica
502 1137 624 1222 (Boias.
640 1137 754 1219 Diagn.
776 1135 846 1202 Ser.
865 1136 905 1216 ΙΙ,
927 1139 961 1214 i,
982 1156 1012 1220 p.
1033 1136 1092 1220 18)
1112 1137 1212 1202 ramis
1234 1137 1426 1204 divaricatis

142 1227 286 1310 glabris,
310 1227 394 1294 iuliis
418 1226 597 1292 chartaceis
616 1225 721 1292 firmis
741 1225 864 1308 glabris
894 1226 1018 1291 ambitu
1042 1227 1147 1292 oratis
1179 1226 1250 1292 basi
1279 1227 1427 1292 euocatis

143 1315 216 1382 aliis
236 1316 389 1382 indivisis
407 1316 479 1380 aliis
500 1313 657 1380 3-5-lobis
678 1316 730 1380 vel
755 1314 885 1398 partitis
905 1315 1030 1380 laciniis
1051 1315 1180 1382 obtusis
1206 1315 1297 1400 apice
1315 1332 1428 1382 crena·

143 1404 186 1470 tis
204 1406 257 1471 vel
277 1405 430 1484 dentatis,
455 1402 618 1488 corymbis
639 1402 843 1486 simplicibus
863 1403 1051 1486 pauciiloris
1075 1403 1217 1488 glabris,
1237 1403 1333 1487 stylis
1362 1405 1427 1485 1-1,

145 1493 254 1560 fructu
276 1493 530 1575 ovato-elliptico
560 1493 600 1558 ad
620 1493 742 1558 collum
766 1497 931 1559 contracto
952 1494 1150 1576 li-pyreno
1170 1493 1295 1560 laciniis
1315 1493 1431 1575 calyci·

144 1581 196 1646 nis
216 1583 351 1649 reflexis
380 1585 534 1648 coronato
563 1590 590 1656 5.
615 1581 646 1648 C.
660 1579 790 1646 Arcam
804 1581 954 1647 Decaisn.
972 1581 1018 1646 vt
1038 1580 1105 1648 Sin.
1122 1601 1151 1665 p.
1172 1585 1214 1648 40
1230 1580 1426 1666 nonspach.

145 1671 234 1738 -G.
251 1670 452 1738 Maraccunu
471 1670 574 1736 Lindl.
595 1671 665 1737 Bct.
684 1671 762 1754 Reg.
783 1670 846 1735 tab.
864 1672 947 1736 1855
961 1689 1027 1736 non
1045 1670 1138 1738 Pers.

175 1784 253 1840 Hah.
267 1784 299 1838 in
312 1785 448 1840 faucibus
460 1783 608 1839 montium
620 1782 702 1838 Sinai
724 1786 753 1839 01
775 1782 816 1838 gn
829 1781 989 1838 Catharina
998 1783 1118 1839 Arabiae
1129 1783 1241 1839 Potreae
1253 1781 1349 1852 (Bova
1362 1799 1425 1838 ens.

142 1854 206 1911 1811
220 1856 320 1910 Schim
345 1871 424 1910 ‚ens
444 1855 536 1925 2711).
551 1853 720 1981 Sgecimiua
734 1853 913 1980 incompleta
934 1869 972 1910 ex
993 1859 1093 1910 monte
1106 1855 1174 1910 Kuh
1196 1855 1300 1910 Dadna
1320 1853 1429 1909 Persiae

143 1927 310 2054 iluitmgs(
339 1941 367 1997 y.
382 1943 442 1982 eas.
456 1925 523 1996 618)
532 1941 567 1981 su
614 1923 643 1981 C.
663 1923 832 1998 beterophyl
843 1921 864 1982 ci
888 1924 946 1980 huc
968 1940 1086 1998 quoque
1105 1925 1260 1981 referenda
1281 1925 1427 1981 videntur.

169 2015 188 2054 u
202 2013 230 2068 g.
267 2013 387 2054 arrour.

179 2095 334 2150 Foliorum
359 2095 455 2149 forma
476 2093 504 2150 0.
521 2093 691 2150 Azarolum
709 2093 798 2149 refert
819 2093 872 2148 sed
893 2092 1045 2148 obtusiora
1066 2096 1137 2149 sunt
1151 2096 1179 2149 et
1192 2091 1304 2163 glabra,
1317 2092 1429 2150 ductus
1505 2066 1508 2072 Ι

145 2165 241 2222 multo
254 2167 353 2220 minor
377 2167 406 2221 et
430 2181 572 2221 exsuccus
596 2165 721 2220 videtur.
754 2163 851 2234 Magis
877 2164 987 2218 accedit
1001 2164 1040 2219 ad
1054 2162 1083 2220 C.
1101 2161 1429 2238 beteropbyllamioliis

144 2237 389 2306 membranaceis
404 2235 500 2292 fructu
519 2251 635 2310 semper
647 2249 857 2308 monopyreno,
872 2235 1050 2290 distinctam.

187 2461 218 2525 8.
245 2458 289 2526 C.
316 2457 631 2544 heterophylla
654 2457 790 2542 (Fluggc
815 2459 902 2528 Anu.
930 2460 1014 2525 Mas.
1036 2459 1116 2542 XII,
1142 2480 1172 2543 p.
1192 2460 1269 2536 tra,
1285 2457 1350 2524 tab.
1372 2459 1430 2542 88)

142 2547 244 2613 ramis
258 2547 476 2630 glaberrimis,
496 2549 581 2614 soliis
597 2548 854 2614 membranaceis
873 2549 1062 2632 junioribus
1082 2567 1185 2632 prope
1201 2549 1294 2615 basin
1312 2547 1431 2631 pagiua

144 2636 293 2701 infcriori
309 2637 441 2703 hirlulis
459 2637 591 2703 tandem
609 2637 732 2718 glabris
750 2637 866 2704 lucidis
884 2638 1002 2704 subtus
1020 2637 1305 2721 glaucesccntibus
1321 2635 1431 2701 oblon-

143 2725 359 2807 go-cuneais,
378 2726 450 2792 aliis
470 2725 560 2809 apice
588 2725 729 2791 dentatis
749 2727 800 2792 vei
821 2726 972 2792 indivisis
997 2727 1070 2793 aliis
1097 2726 1226 2793 triiobis
1243 2725 1327 2791 iobis
1346 2724 1431 2789 inte·

142 2815 211 2896 gris
231 2814 284 2878 vel
306 2814 448 2880 dentatis
468 2815 631 2880 terminali
648 2813 815 2881 interdum
833 2815 954 2896 triiido,
972 2817 1126 2900 corymbo
1146 2814 1284 2899 simplici
1300 2812 1429 2896 glaber-

143 2903 237 2980 rtmo,
257 2903 344 2986 stylo
363 2903 468 2984 amco,
487 2903 594 2969 iruclu
615 2903 753 2985 oblongo
769 2905 948 2986 sanguineo
968 2905 1009 2970 ad
1029 2905 1154 2988 apicem
1173 2904 1348 2970 constricto
1365 2919 1430 2967 mo·

144 3008 317 3075 nopyreno
348 2991 473 3057 laciniis
503 2991 622 3075 caiycis
649 2991 783 3058 reflexis
811 2996 965 3060 coronato
986 3002 1012 3069 5.
1032 2992 1075 3059 lc.
1093 2993 1164 3059 Bol.
1184 2992 1262 3074 Reg.
1291 2992 1432 3057 tieret

147 3075 242 3146 1811.
255 3116 294 3127 -
310 3077 411 3160 Mcsp.
429 3078 620 3146 Oltccriunu
639 3081 723 3147 Poir.
744 3080 825 3147 Dict.
845 3080 957 3165 Suppl.
977 3081 1030 3164 IV,
1048 3083 1088 3147 11
1109 3082 1165 3168 (ex
1175 3077 1426 3164 descriptione).

177 3189 257 3246 Hab.
272 3191 304 3245 in
318 3189 437 3244 Oriente
449 3205 486 3245 ex
498 3191 669 3247 auctoribus
682 3190 735 3246 scd
752 3191 915 3263 specimina
935 3193 1025 3248 citata
1047 3192 1254 3250 Hoheuackcri
1274 3205 1312 3247 ex
1334 3189 1426 3246 Hele-

143 3261 273 3388 rlrglrlrdori
285 3261 324 3316 ad
341 3259 370 3317 C.
385 3259 633 3334 mdanecarpam
649 3266 679 3318 et
697 3277 734 3318 ex
751 3262 843 3318 tluvio
860 3263 1021 3320 Gandscha
1039 3264 1079 3320 ad
1098 3263 1127 3321 C.
1144 3264 1330 3337 pectinatam
1347 3277 1429 3334 spec·

178 3431 334 3504 Spectmen
353 3447 372 3486 a
390 3429 425 3486 cl,
446 3429 655 3488 Haussknecht
676 3433 707 3488 in
727 3432 871 3488 Cataonia
888 3431 982 3503 Syriae
1005 3433 1186 3490 contermina
1205 3447 1297 3505 prope
1316 3432 1430 3504 Seytun

144 3501 392 3646 1801011)υὲρῖᾖᾶιέοο
406 3503 534 3588 speciem
558 3503 680 3560 omnino
704 3509 835 3576 spectare
858 3503 976 3560 videtur
1000 3503 1052 3560 sed
1072 3503 1333 3577 ioliaprofundius
1351 3516 1432 3574 saepe

190 3797 220 3860 9.
242 3795 284 3862 C.
304 3793 533 3879 pectinata
557 3791 649 3880 (ud.
678 3795 760 3878 ltey.
782 3795 921 3879 Talyscb
948 3795 1064 3864 linum.
1092 3815 1122 3880 p.
1151 3797 1214 3862 110
1240 3815 1280 3861 an
1307 3793 1431 3880 Boset)

146 3883 284 3950 ramulis
311 3881 587 3966 pubescentibuse
614 3881 701 3949 loliis
725 3883 882 3967 utrinque
908 3883 1164 3968 pubescentibus
1193 3885 1264 3951 basi
1283 3883 1432 3950 cuneatis

147 3972 272 4038 ambitu
287 3971 435 4038 obovatis
461 3971 617 4037 3·5-lobis
641 3973 939 4039 ovato-lanceolatis
965 3973 1237 4053 inciso-dentatis,
1266 3973 1431 4053 corymbis

148 4059 418 4144 pubescentibus
435 4060 531 4143 stylis
552 4061 582 4141 1,
599 4061 708 4127 tractu
729 4061 867 4144 oblongo
886 4062 989 4128 rubro
1010 4063 1208 4146 a-s-pyreno
1228 4059 1354 4127 laciniis
1378 4079 1430 4126 cn-

149 4148 229 4231 lycis
244 4149 380 4214 reflexis
399 4153 553 4214 coronato
572 4158 599 4224 5.

182 4257 260 4315 Hab.
273 4259 304 4314 in
319 4263 420 4315 monto
434 4259 579 4316 Beschtau
594 4259 719 4316 Caucasi
732 4263 804 4333 sept.
823 4263 873 4330 (ex
886 4261 916 4316 C.
932 4259 1044 4331 Koch),
1059 4259 1138 4317 Geor
1160 4261 1188 4317 'a
1205 4259 1368 4317 Caucasica
1389 4250 1428 4316 ad

149 4328 358 4400 detenendos,
380 4334 512 4386 montom
530 4329 625 4385 Sarial
642 4337 670 4386 et
691 4346 774 4403 prov.
792 4332 921 4458 Taliyaeh
941 4331 1098 4402 (Hohent),
1120 4350 1137 4388 a
1176 4333 1246 4388 tluv.
1268 4331 1431 4388 Gandscha

149 4399 281 4472 (Heben.
296 4417 357 4456 oxs.
372 4401 429 4458 sub
446 4398 842 4476 c.neteroptyutt.p‚12ersm
875 4405 969 4460 oreali
986 4402 1134 4473 (Buhse!).

183 4495 209 4551 Α
223 4494 253 4552 C.
267 4511 445 4569 mormypnca
455 4496 608 4552 nonnullis
621 4497 723 4553 formis
737 4513 810 4569 quas
823 4497 911 4554 refert
925 4496 1079 4570 0151110241,
1095 4497 1174 4555 foliis
1186 4497 1276 4567 longe
1296 4496 1431 4555 cuneatis

150 4567 179 4620 01
190 4565 366 4624 indumento
379 4567 599 4639 distinguenda.
