3068 5192
738 443 971 487 dunelmense.

673 625 690 710 g
716 627 744 690 7.
770 622 1033 694 Selinoldea.

260 795 312 859 19.
336 787 649 860 Ρ.(1111ᾱίοἱᾱθε
669 791 790 874 (Boias.
828 795 861 856 et
890 791 1003 857 Heldr.
1026 791 1141 874 Diagn.
1168 791 1239 858 Ser.
1258 793 1304 864 ΙΙ,
1325 795 1361 871 2,
1381 813 1409 878 p.
1426 795 1475 879 90)

213 883 373 962 glabrum,
394 881 485 947 caule
502 881 626 947 sulcate
640 880 754 947 lolioso
770 898 867 964 parce
886 899 1027 961 ramoso,
1044 881 1129 948 loliis
1147 883 1271 948 ambitu
1290 883 1477 966 triangulari·

213 972 276 1038 bus
294 972 325 1037 bi
345 971 398 1036 rel
415 969 685 1053 tripinnatiseetis
714 968 933 1036 divisionibus
960 970 1158 1053 petiolulalis
1185 972 1306 1054 angulo
1329 978 1411 1038 recto
1432 992 1477 1055 pa·

212 1060 368 1140 tentibus,
387 1059 565 1142 segmentis
578 1058 844 1124 'cuneata-eveus
864 1059 1066 1142 ild-partitis
1084 1064 1117 1124 et
1130 1061 1164 1124 in
1185 1061 1319 1126 lacinias
1336 1061 1475 1143 oblongo-

214 1151 356 1214 lineares
384 1149 518 1214 obtusas
547 1148 792 1214 mucronulatas
817 1147 926 1226 fissis,
954 1149 1126 1214 involucro
1155 1150 1343 1234 polypbyllo
1370 1150 1475 1232 phyllis

213 1237 398 1304 lanceolatis
416 1235 565 1317 deflexis,
585 1235 736 1302 umbcllae
762 1235 865 1302 radiis
894 1239 993 1302 15-20
1021 1238 1180 1320 elongatis
1199 1239 1336 1318 scabris,
1355 1239 1477 1305 boribus

211 1327 306 1407 albis,
325 1327 435 1392 lructu
452 1325 610 1408 pedicello
636 1326 899 1410 subaequilcngo,
919 1327 1124 1409 mericarpiis
1144 1326 1292 1410 oblongis
1315 1328 1383 1393 basi
1401 1333 1477 1393 retu-

213 1415 271 1496 sis,
281 1417 430 1497 margine
446 1414 519 1479 albo
536 1415 652 1479 semini
669 1402 832 1496 aequilale,
844 1416 933 1499 jugis
953 1415 1163 1481 filiiormibus
1176 1417 1381 1498 prominulis
1400 1418 1478 1482 uillis
1530 1415 1531 1436 ¹

212 1503 372 1586 angustis,
394 1503 700 1570 commissuralibus
720 1504 808 1568 inter
828 1522 864 1570 se
881 1504 1041 1586 proximis
1061 1504 1269 1571 subarcuatis
1291 1515 1336 1580 11.

212 1696 218 1711 .
247 1615 324 1670 Hab.
339 1615 369 1668 in
384 1614 505 1684 regione
522 1613 669 1686 sylvatiee
681 1613 822 1670 Parnassi
833 1616 863 1670 et
876 1613 998 1686 Olympi
1011 1613 1150 1671 Thessali
1164 1615 1279 1684 [Heldr.
1298 1615 1343 1671 Fi
1364 1616 1411 1672 Gr.
1427 1629 1478 1670 ess

212 1685 449 1813 erzillydesffl
456 1755 491 1811 P.
506 1755 666 1813 Artemaco
684 1756 735 1811 sed
750 1757 921 1812 distinctum
935 1759 1154 1827 segmentorum
1173 1757 1273 1812 minus
1287 1757 1427 1828 profunde
1439 1756 1479 1810 lis·
1530 1767 1532 1816 l

211 1844 313 1884 sorum
325 1827 441 1882 laciniis
455 1827 594 1898 oblongis
609 1827 753 1884 brevibus
767 1843 822 1884 nec
834 1827 998 1884 linearibus
1015 1828 1162 1900 elongatis
1175 1827 1243 1883 illas
1262 1827 1361 1886 Cnidii*
1371 1827 1479 1901 opiotib's

213 1899 409 1956 referentibus
422 1898 474 1954 sed
490 1899 662 1970 majoribus.

248 1995 314 2052 tlbs.
334 1993 561 2052 Remurium
577 1995 622 2049 W.
636 1994 671 2050 K.
685 1999 713 2050 et
726 1993 763 2050 P.
784 1994 979 2051 Austrz'ncum
1000 1986 1052 2051 Jae
1075 2039 1080 2048 .
1100 2011 1119 2050 a
1136 1995 1266 2052 Pallasio
1280 1997 1309 2052 in
1322 1997 1439 2057 Taurii.
1451 1993 1481 2050 P.

214 2065 399 2193 ίῼΓιθιζθιῖιιζὶιῖιιιιι
418 2066 448 2120 in
465 2066 576 2122 Tauria
598 2065 758 2121 aPallasio
778 2069 807 2120 et
826 2066 857 2120 in
880 2065 1010 2138 Cyprea
1027 2013 1199 2140 sffnhorpio
1221 2068 1352 2124 indicata
1372 2069 1411 2123 ibi
1430 2083 1478 2123 non

412 2409 596 2482 deTllllll
617 2409 669 2504 (1.
688 2429 722 2484 er
743 2413 846 2505 parte.
864 2452 908 2461 —
925 2409 1034 2483 llollm
1063 2409 1138 2483 Gen.
1159 2409 1185 2497 l,
1206 2409 1298 2500 117).

259 2598 385 2682 Calyeis
411 2598 526 2663 dentes
543 2595 690 2664 obsoleti.
717 2597 829 2662 Petale
857 2597 1064 2663 subrotunda
1088 2597 1236 2664 involuta
1261 2599 1352 2682 apice
1373 2603 1477 2664 retusa.

184 2759 187 2766 ,
214 2691 354 2767 Fructus
373 2707 391 2752 a
412 2687 510 2752 dorso
531 2687 940 2768 lenticulari-compressus
964 2687 1110 2769 margine
1132 2686 1264 2754 dilatato
1289 2688 1477 2771 complanato

211 2782 347 2844 cinctus.
367 2775 560 2859 blericerpia
573 2776 662 2858 jugis
686 2779 705 2841 5
726 2775 934 2841 filiformibus
954 2775 1243 2860 aequidistantibus
1264 2775 1372 2842 tribus
1392 2777 1477 2842 iuter·

212 2867 329 2932 mediis
350 2871 443 2932 acute
463 2865 628 2946 carinatis
646 2863 776 2931 duobus
801 2864 993 2930 lateralibus
1017 2865 1051 2930 in
1076 2866 1257 2946 marginem
1283 2865 1476 2931 abeuntibus

171 2996 175 3002 -
213 2956 387 3022 Valleculae
413 2954 595 3020 univittatae
618 2953 710 3018 vittis
737 2957 839 3018 totam
864 2953 1056 3018 valleculsm
1079 2953 1305 3036 implentibus
1320 2952 1476 3020 —llerba

213 3046 317 3124 elatae,
340 3044 427 3110 foliis
446 3043 697 3125 decompositis,
717 3042 857 3108 lloribus
878 3043 1040 3108 1111113.-
1060 3039 1174 3109 Genus
1190 3062 1208 3107 a
1226 3042 1416 3108 Peucetiam
1432 3059 1476 3124 pe

89 3183 91 3190 .
215 3134 356 3199 talorum
374 3133 479 3199 lormi
499 3131 548 3216 (in
569 3131 628 3196 boe
644 3135 800 3196 ceterum
820 3131 977 3216 varianti)
996 3132 1053 3197 rix
1072 3131 1272 3198 distinctum,

260 3387 287 3449 l.
311 3382 359 3449 Α.
383 3381 653 3468 graveolens
674 3379 726 3466 (L.
745 3380 800 3464 Sp.
819 3382 898 3462 3111
911 3382 1072 3464 glabrum,
1091 3383 1183 3449 caule
1198 3384 1297 3450 tereti
1315 3389 1422 3450 erecto
1437 3401 1478 3448 ra

212 3491 314 3553 moso,
329 3472 416 3538 loliis
432 3471 466 3536 in
485 3471 618 3537 lacinias
635 3469 749 3551 longas
766 3470 1044 3538 lineari-setaceas
1061 3472 1339 3556 bipinnatiseetiS,
1351 3471 1476 3540 umbelll

212 3561 444 3642 inultiradiatd,
463 3561 635 3625 involucro
660 3563 693 3625 et
709 3559 916 3625 involueellis
943 3561 1061 3642 nullm,
1086 3562 1195 3628 fructu
1215 3563 1359 3646 elliptieo
1380 3568 1426 3640 Θ.
1442 3558 1476 3625 le.

212 3650 315 3716 Rcbb.
330 3648 441 3718 Germ.
466 3647 529 3714 tab.
551 3650 647 3713 1968.

248 3761 324 3817 Hah.
338 3762 370 3816 in
383 3760 470 3817 cultis
483 3763 512 3814 et
520 3761 595 3815 inter
608 3763 731 3830 segetes,
744 3759 881 3830 Byzantii
894 3759 1020 3828 (Boissl,
1033 3759 1142 3816 Tauno
1156 3761 1197 3829 [8¹
1207 3761 1356 3836 Supdryll,
1368 3764 1397 3819 in
1408 3777 1477 3838 pror.

212 3833 380 3889 Caucasicis
393 3831 538 3901 (Ledeb.),
551 3832 654 3887 Persidi
666 3830 773 3900 (Auch.
789 3847 851 3886 exe.
863 3831 971 3902 115861),
984 3831 1114 3903 AEgypto
1128 3832 1263 3904 (Boissl).

247 3931 295 3986 br.
316 3929 419 3998 tieogr.
441 3927 560 4000 Europa
575 3925 716 3981 australis
729 3943 746 3982 a
757 3925 857 3982 Gellia
869 3925 907 3981 ad
921 3925 1057 3982 Rossinm
1071 3927 1304 3983 meridionalem.
1372 4001 1376 4011 ,

258 4167 287 4230 1.
312 4163 358 4231 A.
382 4160 625 4243 chryseum
644 4156 766 4241 (Boiss
782 4160 815 4220 et
832 4155 942 4220 Heldr.
964 4157 1078 4239 Diagn.
1097 4155 1167 4222 Ser.
1185 4157 1211 4238 I,
1233 4161 1282 4237 lo,
1299 4177 1328 4243 p.
1351 4159 1407 4243 dil
1420 4159 1474 4242 gb

213 4255 329 4332 bruni,
352 4251 444 4316 caule
471 4265 608 4330 procero
634 4245 758 4311 sulcato
779 4245 893 4310 stricte
921 4245 1147 4312 ramosissimo
1167 4249 1377 4330 corymbum,
1403 4246 1472 4313 loliis

212 4339 471 4427 bipinnatisectis
493 4336 617 4402 laciniis
641 4333 820 4399 linearibus
850 4333 1008 4415 elongatis
1025 4335 1129 4400 acutis
1153 4337 1299 4418 margine
1318 4334 1472 4414 scabridis,

212 4430 365 4498 umbellis
381 4425 623 4505 multiradlatiS,
650 4423 820 4488 involucro
840 4423 942 4502 nulle,
964 4421 1149 4490 involucelli
1173 4424 1295 4507 phyllis
1314 4428 1332 4490 5
1358 4423 1470 4491 lineari·

212 4517 401 4586 lanceolatis
417 4514 593 4599 pedlcellos
616 4530 682 4578 non
701 4511 923 4596 equentibus
942 4511 1053 4578 fructu
1075 4509 1227 4598 (juniori)
1243 4512 1471 4597 oblongoellip

213 4607 354 4692 1111101
