3090 5168
171 237 225 294 168
705 261 916 303 naeuxnxosm.
1359 247 1462 308 Lotus.

171 361 388 446 slipularibus
412 367 516 432 oratis
536 368 765 450 subbreviore
785 369 903 435 foliolis
922 368 1094 434 sessilibus
1111 367 1274 451 obovalis,
1291 371 1462 453 peduncu-

169 450 216 544 lis
231 469 271 515 ex
288 455 394 520 axillis
419 455 648 537 superioribus
675 459 842 524 bii-floris
873 457 948 523 lolio
976 459 1103 540 b-i-l-plo
1133 459 1335 540 longioribus
1366 461 1460 543 apice

171 539 401 620 lribraclealis,
419 544 537 625 calycis
554 545 672 612 hirsuti
691 547 816 612 laciniis
836 566 853 612 a
874 547 944 612 basi
963 546 1079 612 laliore
1091 549 1185 629 longe
1198 547 1360 616 subulalis
1378 549 1460 616 ruba

169 628 383 712 longioribus,
400 633 521 698 corolla
536 634 630 715 llari,
644 637 764 702 vexillo
779 635 916 701 obovalo
931 636 1038 718 ample
1050 638 1119 700 alas
1134 643 1167 701 ct
1179 636 1323 702 carinam
1335 637 1459 704 sublus

170 717 286 783 obluse
305 733 472 787 curvatam
485 722 750 806 subaquilongas
767 726 955 805 excedente,
968 724 1254 806 legumineglabro
1269 744 1463 810 compresso

170 805 212 870 ad
232 812 366 876 suluras
384 811 566 878 incrassato
586 813 695 895 calyce
711 815 839 896 lfa-plo
859 814 1005 896 longiora
1032 822 1076 886 ll·
1192 882 1198 895 ,

204 916 273 972 Hab
296 920 326 974 in
339 921 420 976 arvis
434 922 571 977 elvineis
593 923 631 976 ad
649 923 893 988 Thessalonicam
913 923 1094 978 Macedouiae
1114 923 1211 993 (Frivl
1230 923 1323 997 Orph.
1342 925 1386 981 Fl.
1406 926 1463 982 Gr.

172 1004 233 1043 exs.
249 989 304 1044 584
313 993 341 1062 l),
354 992 385 1046 in
397 991 546 1048 littoribus
559 993 694 1049 Thraciae
708 995 745 1050 ad
759 994 857 1050 Makri
870 995 991 1063 (Griseb
1000 995 1028 1062 l).

205 1085 344 1143 Floribus
358 1091 476 1160 magnis
488 1093 517 1145 el
529 1090 631 1146 multis
648 1092 726 1146 nolis
739 1090 773 1147 L.
789 1091 947 1164 sulphureo
961 1091 1073 1152 affinis,
1085 1091 1202 1148 differre
1214 1093 1332 1149 videtur
1344 1093 1462 1163 calycis

170 1156 301 1285 haganrargo
306 1159 491 1232 longioribus
516 1165 546 1216 et
569 1164 735 1234 praeserlim
757 1163 907 1234 legumine
930 1177 1101 1235 compresso
1124 1165 1362 1237 sesquipollicari
1384 1166 1399 1220 1
1426 1165 1462 1234 Ἰ,

605 1462 619 1492 *
657 1463 673 1492 '
709 1467 853 1538 Purpurei
872 1466 920 1522 vel
937 1467 1023 1522 rosei.

220 1624 269 1686 10.
295 1623 336 1688 L.
356 1623 538 1694 Gebelia
564 1626 674 1710 [Vcnl.
694 1627 784 1691 Harl.
803 1623 876 1691 Cels
896 1626 960 1690 tab.
984 1625 1042 1710 57]
1062 1625 1288 1706 glaucescens
1307 1621 1463 1688 caulibus

170 1711 422 1779 ascendentibus
441 1715 599 1781 flexuosis
618 1715 862 1792 ramosissimis,
882 1715 1001 1798 peliolo
1020 1714 1137 1796 foliolis
1154 1713 1371 1795 slipularibus
1383 1713 1466 1777 bre-

172 1799 424 1880 viore,·loliclis
452 1804 754 1870 eborata-cuneolis
786 1803 1039 1883 mucronulalis,
1064 1802 1258 1886 pedunculis
1282 1819 1324 1866 cx
1348 1801 1462 1866 axillis

170 1889 399 1971 superioribus
422 1893 499 1958 lolio
518 1895 580 1959 sub
598 1894 649 1959 vel
677 1895 801 1976 l-b-plo
830 1891 1033 1974 longioribus
1050 1891 1251 1956 sublrilloris
1266 1891 1358 1973 apice
1386 1890 1464 1954 1-3-

170 1977 357 2060 bractealis,
373 1981 492 2064 calycia
511 1983 617 2064 glabri
636 1983 689 2048 rel
709 1983 828 2047 lairsuli
848 1980 974 2045 laciniis
985 1980 1137 2050 cilialulis
1154 1997 1173 2044 c
1188 1979 1259 2044 basi
1278 1978 1463 2044 lanceolata

169 2065 333 2134 subulalis
353 2069 658 2155 labo-eqnilongis
685 2072 806 2137 corolla
825 2072 920 2134 rosea
947 2069 1067 2134 vexillo
1093 2067 1230 2134 cbovalo
1255 2068 1362 2150 amplo
1387 2069 1462 2134 alas

168 2155 253 2220 latas
279 2156 489 2241 carinamque
509 2162 629 2226 subtus
652 2159 1011 2226 rotundato-curvatam
1042 2157 1133 2239 apice
1154 2174 1355 2239 purpuream
1377 2156 1464 2220 sub·

169 2244 369 2327 aequilongas
384 2247 477 2330 longe
494 2249 674 2332 superanti,
688 2249 850 2330 legumine
867 2245 1282 2327 carinula-subcompresso
1298 2245 1386 2309 inler
1405 2263 1464 2310 se-

171 2332 257 2397 mina
276 2351 362 2417 saepe
383 2337 585 2418 strangulato
603 2338 711 2420 calyce
731 2337 857 2420 alx-plo
879 2335 1025 2416 longiore
1051 2343 1097 2408 ll.

124 2471 127 2476 ·
215 2475 235 2510 α
250 2445 484 2597 zaxxaiaus-
504 2449 606 2516 Totus
625 2449 746 2532 glaber.
763 2488 804 2497 —
824 2449 861 2515 L.
883 2445 1047 2514 Arabicas
1067 2445 1165 2511 Russ.
1187 2444 1303 2528 Alepp.
1329 2445 1394 2510 lab.
1416 2449 1463 2511 11

205 2645 281 2700 Hab.
302 2647 331 2701 in
346 2647 437 2705 aridis
450 2651 566 2705 saxosis
579 2657 609 2707 et
620 2652 696 2706 inler
709 2654 822 2720 segetes
844 2651 938 2720 Syriae
956 2649 1018 2704 ber.
1032 2651 1061 2703 el
1073 2643 1297 2720 Mesopotamiae
1311 2645 1379 2716 (Ky.
1395 2661 1461 2702 exs.

173 2716 240 2771 lael
255 2717 413 2789 Hansskl),
432 2721 607 2790 Coelesyrire
621 2723 659 2778 ad
672 2721 800 2776 Balbeak
824 2721 888 2790 (Dr.
903 2721 1006 2788 Posui,
1026 2718 1175 2773 Armeniae
1188 2717 1329 2772 australis
1348 2717 1461 2786 (Aucb.

168 2804 229 2841 exa.
242 2787 336 2856 43151,
350 2789 404 2860 Ky.
419 2807 480 2848 exa.
493 2792 583 2862 307l),
603 2793 713 2848 ditione
735 2791 866 2862 Talysch
888 2789 1005 2860 (CAM.
1028 2789 1145 2856 Hohl),
1166 2787 1269 2844 Persi-si
1289 2787 1402 2844 boreali
1426 2789 1461 2844 in

169 2874 251 2929 prov.
266 2860 450 2932 Adarhidy'an
487 2879 557 2935 rope
570 2863 647 2918 Khoi
660 2863 794 2933 (Saowl)‚
808 2864 838 2918 in
849 2864 922 2933 jugo
936 2861 1110 2916 Elbrusensi
1122 2859 1160 2914 ad
1174 2859 1259 2914 basin
1275 2859 1385 2914 montis
1400 2859 1462 2915 De-

170 2931 299 2985 mavend
314 2931 440 3000 (Buhse!
483 2951 502 3004 y
516 2950 577 2989 exs,
589 2935 643 2990 coi
656 2937 707 3004 al).
1171 2959 1175 2964 ·

171 3119 196 3182 Ρ
214 3031 472 3186 βᾱιοιίιιωιῖοθέιῇ
487 3031 857 3101 -Cauo-iomcniosus,
871 3071 914 3080 -—
928 3033 965 3098 L.
981 3029 1241 3097 lliclroucionus
1252 3027 1320 3095 Ser.
1341 3030 1375 3094 in
1392 3049 1459 3096 nc.

199 3139 236 3186 re
261 3139 287 3185 r.
338 3140 393 3204 ‚p
435 3151 436 3154 ¹
475 3175 482 3188 .

206 3229 282 3286 Hah.
296 3232 327 3287 in
340 3232 442 3289 Persia
454 3233 583 3305 (Michl),
602 3233 640 3290 ad
661 3234 775 3290 radices
794 3235 904 3290 montis
927 3226 1100 3289 Demayend
1122 3246 1214 3303 prope
1236 3229 1299 3286 Ask
1312 3227 1380 3300 (Ky.
1394 3245 1460 3287 exs.
1506 3205 1516 3226 ⁹

169 3303 222 3356 obi
232 3306 251 3372 l)
266 3316 356 3376 prope
368 3303 492 3376 Mendy'il
506 3306 590 3361 Auch
616 3320 677 3360 exs.
696 3305 774 3362 4358.
1453 3311 1460 3322 '

216 3432 245 3494 y.
265 3400 413 3467 villosus.
428 3439 472 3451 --
485 3403 599 3469 Patale
616 3403 763 3468 villosus.
780 3402 866 3467 -L.
885 3401 1060 3483 Aleppicna
1080 3401 1185 3468 Boias.
1203 3399 1317 3482 Diagn.
1334 3397 1406 3464 Scr.
1431 3397 1459 3482 1,

170 3492 202 3660 3.
226 3493 348 3644 ξένῃ.
371 3529 406 3538 -κ
437 3491 475 3558 b.
493 3490 719 3556 cornicularius
744 3521 763 3583 y
789 3489 1056 3571 lairsnlissiruaa,
1087 3489 1208 3555 Ledeb.
1230 3487 1277 3553 ill.
1295 3487 1398 3626 'Rosa
1433 3487 1460 3572 l,

205 3687 281 3743 Hab.
295 3689 326 3744 in
339 3691 490 3746 montibus
504 3687 641 3745 calcareis
661 3687 786 3744 Galatiae
805 3690 843 3744 ad
864 3691 1011 3759 Ancyram
1028 3687 1163 3758 (wiser),
1179 3687 1209 3742 in
1225 3687 1366 3750 Armenia
1384 3703 1457 3742 aus·

168 3760 239 3814 trali
261 3760 369 3830 (Tehih
377 3765 397 3831 l)
410 3766 440 3817 et
457 3761 576 3817 Rossicd
589 3761 627 3815 ad
647 3762 720 3816 fines
740 3761 878 3815 Turcicas
900 3759 1049 3829 (Ledam),
1068 3759 1155 3828 Syria
1167 3759 1230 3814 bor.
1244 3757 1281 3813 ad
1298 3757 1411 3830 Aleppo
1428 3760 1460 3815 et

168 3831 280 3886 Ainlab
293 3831 398 3898 (Auch.
407 3849 467 3888 exs.
478 3831 547 3887 1037
557 3837 561 3880 l
573 3831 694 3886 Haussk
702 3834 729 3902 l),
740 3831 824 3887 blase
846 3831 955 3886 olamio
966 3831 1042 3886 inter
1051 3829 1274 3886 SuereketOria
1282 3828 1416 3898 (Haussk
1425 3831 1460 3900 l),

169 3903 374 4044 {migmffiara
394 3902 594 3959 Kurdislaniae
608 3902 677 3974 [Ky.
698 3903 736 3975 pl.
757 3903 802 3958 Al.
856 3902 917 3957 urd:
940 3901 1029 3972 3191),
1045 3903 1075 3957 in
1095 3917 1179 3974 prov.
1195 3900 1457 3956 Transcancasicis

217 4069 245 4136 d.
263 4069 493 4152 orrllrylloidea.
504 4107 548 4116 -
563 4069 841 4152 Adpressiascule
856 4070 1077 4150 iomcnlcllus
1091 4067 1365 4134 iolioladiminula
1379 4086 1458 4133 acu·

174 4159 329 4240 bescela,
356 4159 496 4242 capitula
530 4159 583 4224 1-3
604 4157 798 4224 subsessilia
821 4158 861 4224 ad
881 4157 1006 4240 apicem
1032 4177 1199 4224 ramorum
1218 4157 1457 4240 approximala,

172 4249 329 4314 vexillum
353 4247 595 4324 abbreviatum,
616 4249 710 4330 calyx
727 4246 981 4312 hirsutissimus.
1002 4283 1043 4292 —
1057 4246 1094 4312 L.
1107 4245 1329 4329 oollaylloidas
1347 4244 1455 4311 Boiss.

173 4336 288 4418 Diagn.
308 4337 378 4402 Sor¹
399 4336 440 4417 ΙΙ,
460 4338 491 4418 b,
510 4357 541 4420 p.
561 4338 614 4418 10,
635 4356 698 4402 non
720 4335 891 4402 Venlcnal.

208 4448 283 4504 Hab.
299 4450 330 4504 in
345 4449 439 4505 vineis
453 4450 492 4505 ad
505 4449 621 4523 Karpul
633 4449 781 4506 Armeniae
794 4447 898 4506 merid.
913 4449 989 4518 (Noli
996 4451 1025 4518 l).
