3274 5182
33 413 36 462 3
150 383 377 461 hbuidarnbar.
666 405 911 447 xanaunnmam.
1375 388 1430 445 819

29 498 37 559 s
150 514 240 597 louge
260 519 423 581 rostratas.
450 516 581 582 Semina
601 517 961 600 compresso-angulata
980 517 1128 582 breviter
1147 516 1240 580 alata.
1263 551 1306 561 —-
1323 514 1429 579 Arbo-

26 641 29 689 5
150 621 202 668 res
222 621 319 670 succo
336 603 510 686 balsameo,
527 607 605 671 facie
625 605 771 687 Platoni,
792 606 878 672 foliis
898 605 1045 671 deciduis
1059 605 1204 682 alternis,
1221 604 1353 686 stipulis
1372 602 1428 667 de·
1550 612 1552 623 ¹

25 711 28 782 ᾗ
148 692 262 773 uiduis,
280 693 432 776 capitulis
448 696 559 777 parvis
571 696 725 762 masculis
739 695 1068 778 racemoso-spicatis
1086 694 1243 759 faemimis
1256 691 1425 759 solitariis.

196 957 222 1021 f.
247 955 290 1022 1..
311 955 556 1023 orientalis
574 955 666 1040 (Mill.
688 956 773 1022 Dict.
796 955 832 1023 n⁰
851 955 885 1042 f)
906 917 1055 1037 arborea,
1073 957 1159 1023 foliis
1178 957 1342 1040 palmalim
1357 958 1431 1023 5-7-

27 1079 28 1114 ς
148 1043 264 1110 lobatis
280 1045 490 1128 glaberrimis
510 1045 593 1111 lobis
612 1047 716 1112 aculis
732 1047 784 1111 vel
805 1047 932 1113 obtusis
946 1046 1173 1112 terminalibus
1186 1063 1273 1128 saepe
1287 1043 1425 1127 lrilobis‚

26 1149 27 1152 ’
147 1133 343 1215 pedunculis
371 1134 550 1200 fructiferis
576 1134 785 1215 nutantibus,
806 1136 976 1201 fovearum
1002 1135 1088 1200 inter
1111 1136 1262 1218 capsulas
1288 1135 1428 1201 silurum

147 1223 349 1305 marginibus
370 1224 425 1288 vix
443 1224 585 1290 creantis
606 1231 635 1302 5.
660 1223 703 1289 Ic.
726 1223 927 1307 Bonplandia
947 1224 987 1290 V.
1010 1242 1041 1307 p.
1063 1226 1135 1289 119.
1157 1262 1198 1271 -
1224 1225 1260 1290 L.
1285 1221 1427 1289 imberba
1542 1221 1547 1231 '

24 1314 28 1341 ⁵
148 1312 212 1376 Ait.
229 1312 309 1376 Keu
325 1311 383 1392 lli,
400 1332 430 1395 p.
451 1314 526 1378 365.
546 1351 582 1360 —
603 1312 765 1378 Platonas
779 1311 958 1378 orientalia
971 1314 1116 1379 Pococlre
1129 1314 1226 1378 Trav.
1240 1313 1281 1394 ll,
1296 1313 1360 1378 tab.
1374 1314 1428 1377 89.

182 1424 262 1479 Hah.
273 1426 304 1479 in
314 1425 454 1480 Anatolia
465 1440 548 1498 prov.
559 1425 647 1481 Caria
657 1430 685 1481 et
694 1425 785 1495 Lycia
795 1441 886 1497 prope
896 1424 1033 1495 Melasso,
1042 1424 1176 1495 Sigbula,
1189 1424 1320 1495 Moglab,
1330 1425 1429 1479 Giova

146 1501 175 1550 at
186 1494 381 1551 Mamnorizza
390 1497 443 1551 ubi
456 1496 561 1567 sylvas
573 1496 688 1552 format.
702 1497 809 1551 Cortex
819 1512 940 1552 succum
950 1497 1136 1552 balsameum
1146 1495 1262 1554 Storna
1272 1494 1426 1570 liquidam,

146 1565 269 1622 ‘lbrrcice
282 1565 483 1640 Ruebant-jag
496 1569 608 1640 praebet
620 1567 666 1637 (V.
679 1568 748 1624 cult.
762 1571 851 1637 ster.).

25 1708 27 1713 Α
164 1733 169 1745 Ι
181 1661 301 1746 Species
315 1662 402 1719 valdo
416 1664 514 1746 affinis
527 1662 562 1719 L.
575 1665 759 1737 styracffluoe
771 1667 952 1721 Americanae
965 1666 1004 1721 ad
1017 1683 1106 1738 quam
1120 1666 1272 1721 referenda
1284 1668 1354 1720 sunt
1363 1679 1428 1736 spe·

145 1749 257 1788 camma
277 1734 357 1789 culta
377 1750 393 1789 o
415 1734 508 1860 Cypra
528 1736 709 1791 monasterio
723 1735 909 1808 Antiphoniti
926 1737 994 1807 (Ky.
1008 1754 1068 1792 exa.
1081 1737 1155 1807 532),
1170 1741 1199 1793 et
1212 1753 1279 1863 {aas
1293 1753 1311 1791 a
1323 1736 1427 1807 planta

145 1803 291 1860 Orientali
310 1805 408 1861 differt
426 1806 456 1860 fo
470 1807 506 1862 iis
525 1807 633 1862 subtus
653 1807 691 1862 ad
708 1807 815 1862 axillas
828 1824 987 1865 nervorum
1001 1810 1142 1879 barbatis
1156 1814 1216 1864 stro
1240 1808 1289 1863 ilis
1303 1805 1425 1877 majori·
1536 1847 1539 1854 ,

24 1898 25 1908 ³
147 1874 212 1947 bns,
227 1876 382 1932 fovearum
396 1877 581 1948 marginibus
594 1877 683 1933 valde
700 1880 837 1934 arcuatis.
1529 1880 1532 1884 ¹

454 2245 579 2318 oab.
609 2248 713 2324 LIV.
739 2248 1135 2321 umbribus-*bam

627 2421 734 2505 (Juss.
752 2420 834 2488 Gau.
856 2422 954 2505 ΜΒ).

190 2612 307 2678 Flores
327 2611 597 2694 hermaphroditi,
622 2613 913 2696 polygamo-dioici,
929 2616 1038 2682 rarius
1059 2616 1163 2695 diolci,
1183 2602 1352 2697 regulares
1376 2613 1431 2677 vel

21 2749 22 2757 κ
146 2701 267 2786 petalis
283 2699 505 2766 exterioribus
521 2700 728 2768 radiantibus
745 2703 954 2785 irregulares.
980 2703 1106 2789 Calycis
1123 2705 1224 2771 tubus
1244 2703 1356 2768 orario
1373 2700 1432 2766 ad-

147 2795 246 2856 nntns
265 2789 366 2856 limbo
384 2789 530 2856 obsoleto
552 2791 604 2855 vel
629 2792 918 2874 quinquedentalo.
937 2792 1048 2858 Petale
1067 2795 1213 2878 qrrmpuc
1229 2791 1368 2872 margini
1380 2808 1433 2855 oa-

28 2877 30 2881 ’
146 2879 229 2962 lvcis
256 2879 393 2956 inserta,
423 2879 626 2945 aeslivalione
656 2879 823 2946 imbricata
845 2881 954 2947 rarius
983 2883 1121 2948 valvata.
1149 2881 1332 2948 Staminad
1357 2895 1434 2945 cnm

147 2968 267 3050 petalis
283 2968 408 3033 inserta
428 2970 461 3032 et
479 2968 527 3033 eis
546 2968 750 3034 alternantia.
780 2969 936 3036 Ovarium
964 2970 1141 3037 biloculare
1166 2969 1339 3035 rarissime
1359 2966 1435 3034 uui·

16 3014 19 3051 ³
147 3056 306 3137 foculare,
335 3057 432 3122 ovnlo
456 3057 491 3121 in
520 3057 625 3123 loculo
648 3058 793 3124 solitario
808 3058 952 3142 pendulo
970 3065 1137 3143 anatropo.
1168 3057 1290 3139 stylis
1311 3054 1433 3138 singuli

146 3143 218 3211 basi
235 3145 268 3211 in
287 3145 413 3224 discum
428 3145 606 3227 epigynum
625 3146 700 3226 plus
717 3147 827 3213 minus
844 3147 1012 3214 dilatatum
1030 3145 1296 3231 (Stplopodium)
1309 3146 1434 3210 abeun-

1036 3223 1044 3233 ι

146 3239 210 3299 los.
238 3234 380 3300 Fructus
399 3234 524 3301 inferus
542 3235 637 3300 lineis
657 3235 697 3299 lll
715 3235 1006 3316 longitudinalibus
1023 3234 1284 3302 ncrviformibus
1304 3235 1355 3299 vel
1368 3232 1436 3297 ele-

148 3323 233 3389 vatis
250 3324 302 3389 vel
315 3322 506 3388 incrassatis
520 3324 570 3389 vel
588 3323 622 3388 in
638 3323 707 3388 alas
724 3324 877 3407 expansis
894 3324 997 3410 (dopo
1005 3323 1204 3407 primaria),
1222 3323 1373 3406 qlrinque
1391 3337 1436 3385 ex

146 3412 337 3495 sepalorum
354 3412 637 3496 normanniaque
656 3429 696 3476 ex
712 3430 827 3478 eorum
844 3418 961 3479 sutura
973 3413 1122 3480 oriundis
1139 3417 1172 3477 et
1186 3411 1374 3476 inlcrvallis
1387 3413 1441 3473 to-

14 3504 15 3507 ’
144 3500 248 3566 tidem
279 3501 369 3566 inler
393 3501 472 3583 juga
498 3499 702 3586 (Volturcio)
724 3500 758 3566 in
782 3490 903 3584 quibus
932 3502 1099 3567 interdum
1122 3494 1439 3582 dapasocaladuriu

146 3589 313 3657 oriamur.
347 3586 486 3655 Fructus
514 3594 664 3655 maturus
680 3594 832 3655 constans
852 3591 1056 3674 mericarpiis
1074 3590 1163 3655 binis
1183 3587 1267 3653 facie
1285 3584 1446 3652 commis·
1480 3596 1492 3605 ·

17 3702 18 3705 “
146 3679 250 3744 surali
283 3682 349 3744 ton
370 3678 423 3742 vel
442 3680 567 3742 tantum
584 3695 680 3744 secus
698 3678 815 3743 lineam
833 3680 1009 3744 centralem
1028 3676 1163 3764 [flumbo
1182 3672 1388 3757 marginatis
1407 3671 1449 3734 et

146 3765 262 3849 aspar
278 3765 516 3852 subnominatis)
528 3767 615 3832 inter
635 3784 671 3832 se
692 3767 862 3849 contiguis,
877 3767 1159 3852 quinqnejugatis
1177 3783 1220 3829 ex
1236 3763 1328 3846 apice
1341 3774 1449 3824 oxeos

146 3855 256 3920 bifidae
275 3855 328 3921 vel
345 3855 507 3938 bipartitae
525 3854 812 3940 (Carpophorum)
828 3857 979 3938 pendulis
1005 3857 1142 3921 demum
1170 3853 1307 3927 solutis,
1331 3847 1453 3913 rarius

11 3933 16 3977 7
145 3945 309 4011 concretis
327 3945 575 4027 monospermis.
588 3941 724 4010 llanales
736 3945 861 4010 oleiferi
874 3944 1002 4028 (Vitta)
1014 3941 1278 4025 longitudinalcs
1292 3937 1327 4002 in
1341 3933 1457 4035 valle:-

20 4032 23 4044 ”
146 4033 240 4112 culis,
255 4034 365 4099 rarius
383 4032 446 4097 sub
456 4033 555 4116 jugis,
577 4033 650 4116 plus
670 4033 779 4098 minus
791 4033 978 4111 numerosi,
994 4030 1233 4114 superficiales
1251 4027 1303 4091 vel
1323 4039 1458 4088 semum

22 4192 26 4199 ,
146 4121 364 4189 adbaerentes.
397 4120 515 4187 Samen
542 4122 724 4205 pericarpio
750 4123 905 4188 adnatum
922 4122 1033 4187 rarius
1055 4119 1098 4183 ab
1123 4137 1165 4183 eo
1190 4115 1344 4180 liberum.
1369 4108 1469 4172 Em-

147 4210 230 4294 bryo
249 4212 400 4276 minutus
416 4211 450 4275 in
467 4213 557 4293 apice
579 4210 755 4276 albuminis
775 4210 862 4294 plani
884 4211 934 4276 vel
956 4210 1038 4274 facie
1058 4203 1221 4271 interiori
1238 4197 1370 4300 concavi
1391 4202 1473 4264 aut

147 4299 440 4367 sulcato-involuti.
473 4298 628 4366 Radicnla
654 4299 758 4364 hilum
784 4303 946 4382 spectans.
972 4334 1015 4344 -
1047 4293 1146 4359 Ordo
1168 4289 1478 4370 natn1·al1ss1muS‚

147 4387 328 4454 divisiones
344 4388 418 4453 ideo
434 4387 475 4453 ob
495 4389 699 4454 climacteras
715 4387 950 4453 differentiales
971 4403 1041 4450 non
1056 4382 1146 4447 salis
1158 4395 1278 4460 graves
1293 4391 1355 4475 nec
1369 4389 1489 4452 prae-

147 4477 264 4543 sertim
283 4479 334 4542 sat
346 4477 459 4542 firmos
472 4475 658 4542 difficillime
676 4474 986 4542 circumscribendae
1006 4477 1042 4536 et
1062 4471 1178 4535 series
1197 4467 1335 4568 linearis
1356 4476 1498 4540 gene-

147 4584 222 4633 rum
241 4566 283 4632 ob
302 4565 464 4632 transitus
479 4565 670 4632 innumeros
689 4570 722 4631 et
739 4565 913 4631 affinitates
933 4561 1050 4628 varias
1072 4556 1178 4624 valde
1195 4549 1407 4634 imperfecta.
