3090 5168
206 319 261 376 146
747 329 957 372 assumuosn.
1326 311 1480 370 walum.

209 443 341 527 stipulis
360 442 660 510 ovato-lanceolatis
680 441 714 507 in
733 441 903 524 cuspidem
922 439 1144 514 acutissimam
1159 439 1347 516 attenuatis,
1371 437 1479 504 foliolis

208 531 535 615 rhombeo·ellipticis
559 532 687 598 obtusis
702 529 887 610 serrulatis,
901 527 1097 612 pedunculis
1110 527 1303 592 miliaribus
1323 525 1397 592 folio
1411 526 1483 591 sub

209 621 310 705 duplo
326 621 539 704 longioribus,
557 621 707 703 capitulis
724 618 952 695 suhrotuudis,
972 617 1140 701 pedicellis
1157 615 1291 681 hirtulis
1313 615 1483 680 fructiferis

209 710 348 776 deflexis
363 710 577 776 interioribus
597 710 703 793 calyce
728 709 855 791 trit-plo
875 706 1090 790 longioribus,
1109 705 1226 787 calycis
1244 704 1364 770 corolld
1382 703 1483 768 albida

208 799 284 864 dein
304 802 401 865 rosea
418 799 581 881 subtriplo
593 797 758 864 brevioris
774 795 1011 880 glabresceutis
1037 795 1162 860 laciniis
1187 794 1377 859 lanceolatis
1392 809 1485 876 supe·

206 888 352 955 rioribus
372 888 451 954 tubo
468 887 747 970 sublougioribus‚
763 885 926 970 legumine
939 885 1079 968 oblongo
1100 885 1308 965 t-d-spermo
1331 892 1376 958 tt.

243 997 318 1053 Hab.
331 998 361 1052 in
379 999 472 1069 pratis
486 997 626 1068 humidis,
641 996 767 1054 Thracia
779 997 810 1052 iu
823 998 923 1052 monte
936 995 1043 1050 Haemo
1062 994 1155 1064 (Friv.
1175 1010 1210 1050 ex
1224 993 1366 1064 Griseb.),
1379 993 1486 1049 Tauria

207 1072 237 1124 et
245 1085 328 1142 prov.
344 1069 510 1125 Caucasicaa
523 1070 573 1138 (ex
585 1068 719 1138 Laden).
738 1068 781 1123 Fl.
795 1068 864 1124 Jun.
877 1069 895 1123 J
897 1065 935 1122 ul.

254 1167 286 1251 β.
308 1165 449 1249 adpone.
474 1204 515 1214 —-
532 1165 651 1233 Gaules
667 1186 733 1232 non
752 1166 894 1232 fistulosi
915 1165 1018 1248 magis
1038 1165 1205 1248 prostrati,
1224 1165 1331 1230 foliola
1351 1163 1489 1228 obovata

208 1257 321 1321 nervis
340 1256 545 1326 secundariis
559 1255 829 1336 evidentioribus,
850 1255 949 1321 llores
966 1259 999 1319 et
1014 1255 1154 1337 capitula
1175 1253 1374 1320 subminora.
1389 1289 1433 1300 -
1447 1250 1487 1316 lc.

208 1344 301 1410 thil.
323 1345 396 1410 Par.
425 1345 489 1410 tab.
510 1347 562 1421 tt,
581 1344 633 1426 lig.
656 1344 679 1408 Ι.
712 1381 742 1391 -
762 1346 794 1411 Τ.
815 1343 945 1426 obponas
966 1343 1044 1410 Sari
1070 1341 1142 1410 Bot.
1162 1342 1291 1408 ldtrusc.
1313 1340 1368 1424 IV,
1388 1362 1419 1426 p.
1438 1342 1488 1406 dt.

209 1470 252 1480 -
270 1434 301 1498 Τ.
330 1433 497 1499 Votllouttt
513 1433 600 1499 Poir.
621 1433 703 1500 Dict.
722 1436 753 1515 8,
771 1453 803 1517 p:
825 1434 855 1498 d.

244 1544 321 1600 Hah.
342 1545 372 1599 in
390 1545 482 1616 pratis
504 1545 676 1600 siccioribus
682 1544 853 1671 graesertim
873 1545 1031 1614 montanis
1045 1543 1161 1599 Graecia
1176 1545 1207 1598 in
1225 1542 1431 1614 Peloponneso
1444 1542 1493 1610 (cx

206 1613 323 1685 Simu),
338 1617 477 1671 Armenia
493 1616 618 1672 Rossica
631 1617 669 1672 ad
709 1617 811 1672 aihout
823 1618 836 1686 l
838 1615 938 1685 Bourg
944 1617 963 1684 l)
977 1617 1006 1670 et
1024 1615 1062 1670 ad
1075 1615 1232 1670 Goscblrar
1250 1616 1279 1670 in
1292 1630 1376 1687 prov.
1387 1611 1491 1669 Muscb

206 1685 280 1758 (Kyl
293 1689 313 1756 )‚
328 1703 410 1760 prov.
424 1687 682 1743 Transcaucasicae
695 1703 788 1760 usque
803 1687 842 1742 ad
854 1685 986 1757 Talysch
1000 1685 1155 1756 (Hohenl).
1236 1743 1239 1747 ,

252 1816 283 1876 y.
304 1785 584 1852 [10000600.-
603 1784 719 1852 Gaules
734 1785 916 1851 abbreviati
932 1784 1088 1867 prostrati
1102 1801 1189 1867 saepe
1206 1781 1371 1866 cespitosi
1385 1782 1493 1847 foliola

209 1878 243 1940 et
261 1875 402 1958 capitula
420 1893 508 1958 saepe
524 1875 694 1955 diminuta,
715 1874 890 1958 pedunculi
914 1890 1000 1956 saepe
1020 1873 1197 1958 longiores,
1217 1871 1368 1956 pedicelli
1384 1871 1493 1954 calyce

210 1965 377 2030 interdum
405 1969 531 2031 lantum
558 1964 846 2048 sesquilongiores.
876 2001 918 2010 -
948 1965 979 2028 T.
1002 1961 1213 2028 Anatolicnm
1239 1961 1344 2026 Boiss.
1376 1959 1492 2042 Diagn.

112 2046 122 2065 '
210 2052 281 2118 Ser.
302 2052 327 2134 l,
349 2053 423 2136 hp.
442 2055 494 2118 ul.

244 2165 321 2220 Hah.
336 2164 367 2219 in
381 2165 523 2290 glareosis
538 2169 567 2221 et
579 2165 673 2236 pratis
686 2164 877 2220 subhumidis
899 2163 1028 2234 regionis
1051 2162 1160 2234 alpinae
1173 2161 1327 2230 Anatoliae,
1342 2160 1495 2232 Olympus

210 2235 377 2318 Bithynus,
406 2235 505 2361 ipss'lus
522 2239 551 2292 et
563 2236 695 2320 Tmolus·
711 2236 825 2320 [lloisst
841 2235 930 2304 Ball),
950 2235 1183 2326 nnonsvhrgaeus
1197 2237 1225 2288 et
1237 2230 1496 2302 Masmeneudagh

210 2306 407 2379 Cappadociae
419 2323 425 2373 ι
456 2307 522 2378 all),
533 2307 649 2363 Taurus
663 2307 799 2363 Crlrcrcus
813 2306 863 2362 alt
877 2305 949 2362 7000
959 2305 1044 2361 sodo
1065 2304 1160 2375 (Kyl).

244 2401 353 2457 Forma
363 2401 466 2472 alpina
477 2403 628 2458 varietatis
641 2403 660 2478 β
672 2403 809 2475 adquam
823 2401 853 2456 in
873 2401 946 2457 locis
959 2400 1128 2474 subalpinis
1139 2399 1325 2456 intermediis
1335 2415 1405 2455 earn
1415 2404 1499 2456 tran·

109 2547 117 2562 ⁸
208 2473 430 2545 sire'comperi:

247 2569 294 2623 Ar.
310 2568 410 2638 (iacgr.
427 2567 545 2641 Europa
563 2559 663 2623 media
675 2570 704 2624 et
721 2567 861 2624 australis
881 2585 898 2624 a
916 2567 1022 2624 Sueoid
1041 2571 1070 2623 et
1087 2567 1195 2623 Bossia
1211 2565 1441 2639 septentrionali
1463 2565 1502 2622 ad

208 2637 326 2728 ltaliam
341 2639 480 2694 mediam.

253 2865 306 2929 90.
328 2863 370 2929 Τ.
388 2860 648 2931 radicosum
675 2865 795 2950 (Boiss.
816 2872 849 2931 et
868 2864 949 2931 Hoh.
970 2864 1084 2948 Diagn.
1098 2863 1167 2929 Ser.
1182 2861 1204 2946 l,
1218 2866 1249 2944 9,
1266 2882 1296 2947 p.
1315 2864 1374 2948 ll)
1390 2863 1504 2948 cespi-

210 2957 317 3018 tosum
336 2951 556 3034 glabrescens,
573 2953 682 3020 radice
695 2957 817 3035 crassa,
836 2954 984 3020 caulibus
1001 2952 1211 3018 lililormibus
1229 2954 1418 3036 prostratis,
1441 2953 1504 3020 sti-

209 3041 297 3125 pulis
324 3041 693 3124 ovato-triangularibus
723 3044 828 3110 acutis
856 3042 996 3121 muticis,
1022 3041 1139 3108 loliolis
1171 3043 1306 3107 minutis
1341 3048 1504 3109 cuneato-

209 3130 357 3196 oboratis
376 3130 493 3196 obtuse
513 3130 733 3212 denticulatis,
746 3131 941 3216 pedunculis
951 3131 1025 3198 lolio
1042 3131 1167 3215 pluries
1182 3130 1398 3212 longioribus,
1410 3132 1506 3215 capi·

209 3219 288 3284 tulis
312 3219 467 3301 globosis,
482 3219 650 3302 pedicellis
668 3219 806 3304 hispidis
826 3221 934 3302 calyce
950 3219 1048 3302 triplo
1064 3219 1273 3285 brevioribus
1293 3219 1431 3285 demum
1445 3221 1506 3286 de·

208 3308 315 3388 flexis
343 3309 462 3390 calycis
488 3308 756 3391 adpressiuscule
775 3309 895 3376 hirsuti
914 3310 1036 3376 corolld
1054 3309 1184 3374 intense
1204 3309 1373 3391 purpurea
1392 3309 1504 3394 duplo

208 3396 372 3462 brevioris
385 3397 510 3462 laciniis
526 3397 886 3465 lanceolalo-subulatis
905 3399 985 3464 tubo
1002 3396 1270 3480 sublongioribus
1294 3406 1338 3471 lt.

243 3509 322 3565 Hah.
340 3511 369 3565 in
384 3526 502 3566 summo
513 3511 587 3582 jugo
602 3511 708 3566 Ababa
719 3511 815 3568 Pusch
829 3512 939 3568 montis
949 3511 1124 3567 Damavend
1136 3509 1246 3566 Persian
1260 3509 1388 3567 borealis
1403 3527 1507 3584 prope

208 3580 266 3636 Lar
279 3581 347 3652 (Ky.
358 3598 419 3637 exs.
432 3581 486 3638 620
496 3585 524 3652 l).
537 3582 580 3637 Fl.
598 3584 673 3653 Aug.

244 3677 339 3732 Affine
355 3675 387 3732 Τ.
399 3675 524 3751 hybrida
537 3693 598 3732 var.
612 3675 772 3734 Anatolieo
785 3677 838 3734 sed
851 3677 984 3748 specifice
998 3677 1170 3732 distinctum
1192 3676 1289 3732 radice
1309 3681 1422 3748 crassa,
1450 3678 1510 3735 sti·

210 3747 290 3818 pulis
302 3748 420 3804 muticis
436 3763 489 3804 nec
498 3749 799 3820 satanae-cuspidatis,
811 3748 963 3822 pedicellis
975 3747 1172 3825 brevissimis,
1185 3747 1286 3818 calyce
1296 3747 1425 3804 hirsuto.

254 3969 307 4032 9l.
333 3967 376 4034 T.
403 3973 672 4060 montanum
704 3969 761 4056 (L.
794 3970 850 4054 Sp.
879 3968 978 4056 1087)
1015 3989 1112 4054 parce
1139 3971 1316 4051 hirsutum,
1343 3970 1509 4038 caulibus

209 4058 327 4123 erectis
348 4057 400 4122 vel
426 4059 680 4125 ascendentibus
705 4060 740 4124 in
758 4060 810 4124 ari
831 4061 1023 4126 lateralibus
1043 4060 1245 4144 ld-phylliS,
1262 4059 1347 4126 loliis
1366 4059 1512 4127 radica·

208 4145 296 4210 libus
314 4147 408 4228 louge
427 4148 589 4229 petiolatis
610 4148 727 4214 foliolis
748 4149 901 4232 elliptiois
917 4153 1030 4232 argute
1043 4149 1227 4227 serrulalis,
1247 4148 1379 4232 stipulis
1399 4155 1511 4232 parte

208 4233 312 4300 libert
333 4236 519 4301 lanceolatis
544 4237 747 4318 acuminatis
767 4238 919 4321 capitulis
945 4239 998 4302 1-0
1014 4239 1108 4320 longe
1125 4237 1352 4321 pedunculatis
1365 4237 1515 4306 axillari

208 4327 243 4387 et
257 4323 419 4389 terminali
436 4324 579 4406 globosis
594 4326 726 4391 tandem
746 4328 862 4404 oratis,
882 4327 1055 4392 bracteolis
1072 4327 1260 4392 lanceolatis
1278 4325 1398 4408 calycis
1411 4328 1512 4395 tubo

210 4411 310 4494 duplo
330 4412 550 4492 brevioribus,
567 4414 734 4497 pedicellis
763 4415 883 4498 calycis
906 4417 985 4481 tubo
1004 4416 1104 4499 triplo
1124 4415 1332 4482 brevioribus
1358 4414 1513 4483 tandem

211 4499 360 4578 deflexis,
378 4503 497 4585 calycis
517 4521 663 4586 superne
684 4504 802 4572 hirsuti
824 4505 944 4571 corolld
964 4505 1037 4570 alba
1063 4505 1162 4588 duplo
1181 4504 1335 4587 longioris
1364 4503 1513 4572 laciniis
