3324 5180
246 361 302 422 672
818 377 970 420 ROSACEAE.
1442 371 1534 428 Rosa,

282 517 392 574 Frutex
406 518 459 572 vix
468 517 587 600 pedalis
599 517 691 574 ramis
704 517 938 574 horizontalibus
951 519 1000 574 vel
1013 519 1159 591 pendulis,
1177 519 1271 576 aculei
1281 519 1429 577 interdum
1440 521 1531 578 semi-

247 589 412 662 pollicares,
423 588 527 645 foliola
538 588 587 644 dd
600 589 651 644 lin.
667 589 760 661 longa
771 593 800 646 et
812 589 874 645 late
886 590 958 646 fatie
972 591 1115 663 superiori
1125 591 1286 648 vernicosa
1299 591 1417 648 Aculeis
1427 593 1528 663 longis

246 661 355 717 validis
371 661 410 716 ab
424 660 563 716 affinibus
576 661 711 732 diversa;
723 665 836 717 setacee
857 662 887 716 in
911 663 1071 734 specimine
1090 661 1268 734 incompleto
1287 679 1347 718 non
1367 664 1531 720 observate.

246 733 442 805 probabiliter
453 732 484 787 in
498 732 664 788 turionibns
678 732 828 790 sterilibus
841 747 958 805 quoque
969 738 1136 790 occurrunt.

293 957 322 1020 3.
346 955 393 1022 R.
419 953 668 1039 sulphurea
694 953 776 1038 (Ait.
802 954 882 1020 Kew
906 951 946 1037 Il,
972 974 1003 1040 p.
1030 953 1110 1040 aul)
1140 954 1264 1020 modice
1284 955 1380 1035 elata,
1402 957 1528 1023 aculeis

246 1043 319 1110 aliis
339 1044 476 1110 setaceis
495 1041 628 1109 minutis
652 1043 724 1110 aliis
754 1044 858 1109 multo
887 1044 1067 1128 majoribus
1093 1063 1112 1108 e
1137 1043 1209 1110 basi
1231 1043 1338 1110 valida
1355 1044 1530 1112 uncinata·

246 1130 381 1208 falcatis,
399 1133 529 1216 stipulis
549 1131 772 1198 consimilibus
791 1133 971 1199 linearibus
992 1132 1310 1214 laciniam-dentatis,
1329 1133 1447 1200 foliolis
1466 1136 1527 1199 5-7

247 1218 394 1288 eboratis
412 1220 629 1288 discoloribus
647 1220 770 1303 glaucis
793 1221 985 1304 simpliciter
1010 1221 1146 1287 serratis
1170 1240 1272 1306 supra
1293 1221 1531 1305 glabriuscnlis

246 1309 365 1376 subtus
392 1310 433 1376 ad
459 1329 579 1376 nervos
606 1309 787 1394 puberutis.
813 1311 943 1393 petiolis
976 1311 1232 1394 pubescentibus
1261 1311 1529 1400 pedunculisque

246 1397 440 1479 inermibus,
477 1399 618 1466 floribus
655 1399 809 1466 solitariis
841 1399 988 1465 breviter
1019 1398 1260 1483 pedunculatis,
1292 1399 1411 1483 calycis
1442 1399 1532 1466 tubo

245 1485 492 1572 hemisphaerica
515 1489 636 1572 sepelis
654 1487 868 1554 subindivisis
888 1488 985 1554 dorso
1002 1505 1099 1572 parce
1118 1487 1530 1572 glanduloso-spinnlosis,
1655 1551 1657 1586 ,

243 1576 362 1657 petalis
383 1577 573 1661 sulphureis
592 1587 622 1652 5.
642 1577 684 1643 lc.
702 1577 782 1642 Red.
801 1583 834 1642 et
851 1577 910 1642 Th.
929 1576 1006 1642 Ros.
1025 1576 1048 1658 l,
1067 1595 1097 1659 p.
1114 1575 1167 1642 29.

279 1688 356 1744 Hab.
369 1688 401 1743 in
416 1687 543 1743 Oriente.
559 1688 759 1760 Spontaneam
772 1702 831 1743 non
844 1687 915 1744 novi
929 1689 959 1742 et
970 1687 1080 1743 cultam
1092 1686 1213 1760 plenam
1226 1689 1341 1743 tantum
1356 1687 1428 1743 vidi.

287 1923 318 1985 4.
339 1919 386 1985 R.
404 1917 567 2002 Rapini
585 1915 707 2003 (Boiss.
734 1920 768 1983 et
789 1917 861 1982 Bal.
891 1916 1006 1997 Diagn.
1037 1916 1107 1983 Ser.
1133 1916 1174 1998 ll,
1199 1918 1229 1998 6,
1256 1935 1286 1999 p.
1317 1914 1373 2000 ii)
1396 1913 1531 1981 modice

243 2010 338 2090 elata,
367 2007 488 2074 aculeis
517 2007 591 2072 aliis
618 2006 767 2086 setaceis,
798 2007 871 2071 aliis
901 2005 1080 2088 majoribus
1105 2005 1176 2072 basi
1207 2003 1323 2070 validis
1354 2003 1532 2069 uncinata·
1655 2007 1657 2010 ’

242 2097 403 2177 recurvis,
422 2095 554 2179 stipulis
572 2094 792 2163 conformibus
812 2093 992 2160 linearibus
1015 2095 1105 2178 apice
1131 2093 1339 2161 subdilatatis
1356 2091 1530 2174 glandulis

113 2205 123 2222 ⁸
242 2186 415 2252 sessilibus
444 2184 628 2267 pectinatis,
660 2185 777 2251 iolinlis
802 2186 858 2249 5-7
882 2183 1030 2248 eboratis
1047 2183 1165 2249 subtus
1184 2180 1412 2267 pallidioribus
1431 2185 1464 2246 et
1479 2180 1527 2246 ad

241 2294 362 2340 nervos
386 2272 642 2358 pubescentibus
669 2273 916 2351 subbiserratis,
941 2271 1068 2354 petiolis
1095 2272 1228 2337 hirtulis
1257 2268 1528 2354 pedunculisque

241 2363 431 2447 spinulosis,
465 2361 604 2428 floribus
642 2362 797 2428 solitariis
830 2361 978 2427 breviter
1013 2360 1252 2443 pedunculetis,
1293 2358 1411 2442 calycis
1440 2356 1530 2424 tubo

240 2451 486 2535 hemispherion
507 2451 628 2533 sepelis
645 2451 831 2516 lanceolatis
848 2448 1076 2528 subindivisis,
1101 2449 1217 2532 petalis
1251 2449 1350 2513 luteis
1373 2447 1529 2512 eboratis

239 2542 362 2607 retusis
375 2542 483 2623 calyce
500 2539 713 2622 longioribus
733 2541 842 2606 fructu
859 2545 967 2604 erecto
983 2539 1116 2620 globoso
1134 2538 1256 2622 sepelis
1267 2536 1404 2618 integris
1420 2536 1526 2602 dorso

240 2627 394 2696 velutinis
414 2627 603 2712 patentibus
621 2632 773 2694 coronato
793 2638 820 2702 5.
845 2629 879 2694 n.
901 2627 1083 2708 Bunpcono
1099 2626 1204 2692 Boiss.
1234 2630 1266 2692 el
1287 2623 1400 2691 Buhse
1423 2625 1525 2691 Auia.

239 2738 269 2801 p.
291 2720 343 2798 el,
363 2719 430 2783 tab.
449 2719 479 2782 6.
498 2754 539 2764 -—
558 2717 596 2782 R.
616 2715 766 2782 Cesarea
784 2717 888 2782 Boiss.
907 2716 985 2782 Mss.
1009 2716 1044 2780 in
1060 2715 1127 2780 Bal.
1149 2734 1217 2781 exs.

274 2829 352 2885 Hah.
366 2831 402 2885 ad
414 2845 498 2896 sepes
512 2829 651 2898 Phrygiae
665 2844 756 2900 prope
775 2827 899 2884 Ouchak
922 2828 972 2884 alt.
992 2827 1071 2882 3000'
1093 2827 1200 2898 (Bell),
1223 2826 1349 2882 Galatiae
1369 2826 1400 2881 in
1420 2831 1528 2882 monte

236 2899 402 2971 Elmadagh
413 2899 589 2970 [Wiedeml),
598 2899 791 2971 Cappadociae
801 2899 840 2955 ad
850 2897 1091 2968 Caesaream(Bal
1099 2901 1128 2968 Ι),
1138 2899 1285 2953 Armeniae
1295 2897 1333 2952 ed
1349 2896 1526 2968 Erzinghan

236 2971 378 3042 (Tchiht),
391 2971 501 3026 Persiae
514 2970 575 3026 bor.
589 2971 621 3025 in
635 2973 736 3026 monte
749 2970 857 3026 Elbrus
870 2970 1018 3040 (Buhsel).
1034 2969 1064 3025 V.
1079 2970 1144 3024 sicc.
1161 2973 1257 3041 spent.
1271 2970 1300 3023 et
1313 2968 1373 3023 vir.
1391 2968 1464 3023 cult.

272 3069 377 3122 Affinis
395 3067 430 3124 R.
446 3066 610 3137 sulphureae
629 3081 682 3138 pro
700 3067 784 3138 cnjus
802 3069 875 3139 typo
898 3071 1061 3138 spontaneo
1075 3081 1140 3122 eam
1153 3066 1291 3121 lubenter
1309 3064 1469 3133 haberem;
1486 3065 1525 3120 cl.

238 3138 292 3193 Cre
315 3139 343 3192 in
359 3143 458 3194 autem
471 3143 502 3192 ut
516 3143 545 3192 et
557 3138 640 3193 amic.
660 3137 768 3193 Reuter
789 3141 819 3192 et
838 3138 935 3194 Godet
951 3137 1085 3209 specifice
1105 3137 1274 3192 distinctam
1288 3139 1456 3191 autument.
1472 3137 1528 3192 Ab

237 3214 271 3264 ea
304 3209 381 3264 iiiert
392 3210 510 3281 petiolis
523 3213 552 3264 et
564 3207 738 3281 pedunculis
750 3209 926 3280 spinellosis,
949 3208 1067 3334 stipulis
1086 3223 1147 3264 non
1166 3207 1325 3278 laciniatis,
1338 3205 1450 3262 foliolis
1463 3207 1527 3263 mi·

137 3335 141 3346 ‚
236 3281 361 3336 neribus
372 3285 400 3336 et
412 3280 643 3352 subduplicatinr
657 3295 710 3335 nec
724 3279 895 3360 simpliciter
907 3296 989 3335 serrn
1003 3279 1071 3334 atis·

601 3519 619 3604 5
644 3520 673 3584 i.
698 3555 741 3566 -
766 3519 1153 3605 Pimplnelliioliae.

280 3679 311 3742 5.
338 3675 384 3742 R.
399 3674 763 3760 pimpinelliiolia
773 3674 824 3760 (L.
839 3674 896 3758 Sp.
910 3673 988 3758 703]
1000 3675 1122 3757 pumila
1144 3671 1379 3752 ramosissima,
1394 3671 1527 3739 aculeis

235 3766 387 3831 omnibns
408 3763 545 3830 setaceis
566 3765 619 3829 vel
647 3765 810 3831 subulatis
837 3765 935 3829 rectis
966 3763 1061 3828 valde
1077 3761 1294 3846 inaequalibus
1313 3760 1525 3826 numerosis-

236 3855 328 3920 simis
347 3855 399 3920 rel
417 3855 513 3934 reris,
545 3853 677 3936 stipulis
702 3851 922 3919 conformibus
947 3852 1136 3933 linearibus,
1169 3850 1286 3916 foliolis
1313 3850 1379 3913 5-9'
1400 3849 1526 3930 parvis

234 3943 338 4009 firmis
355 3943 460 4009 oretis
479 3943 533 4008 rel
552 3941 767 4009 subrotundis
784 3940 1041 4024 subsimpliciter
1066 3940 1203 4006 serratis
1231 3937 1365 4022 glabris
1387 3935 1525 4019 pedun-

234 4033 315 4098 culis
346 4033 479 4114 glabris,
506 4031 644 4097 floribus
670 4030 834 4111 solitariis,
862 4031 979 4113 calycis
1007 4029 1130 4094 laciniis
1157 4028 1295 4110 integris
1320 4025 1527 4091 lanceolata-

230 4119 414 4186 lineeribus
434 4121 549 4203 petalis
570 4120 652 4186 albis
671 4120 724 4186 vel
744 4119 863 4204 pallide
882 4119 987 4184 roseis
1007 4117 1139 4184 dimidio
1159 4115 1381 4193 brevioribus,
1405 4114 1526 4181 fructu

234 4210 539 4292 deprcsso-globoso
568 4214 676 4275 erecto
702 4207 968 4292 sepelis‚erectis
999 4204 1155 4272 brevibus
1181 4203 1385 4287 simplicibus
1415 4201 1526 4269 dorso

233 4297 331 4363 nudis
362 4303 514 4364 coronato
537 4307 564 4372 5.
591 4297 683 4380 Eugl.
708 4297 779 4362 Boi.
800 4305 823 4362 t.
846 4297 906 4362 187
938 4333 977 4344 -
996 4297 1034 4360 R.
1052 4293 1284 4374 spinos-issima
1299 4291 1334 4356 L.
1356 4290 1415 4374 Sp.
1440 4291 1528 4357 705.

231 4422 275 4433 -
294 4387 332 4452 R.
354 4384 726 4468 semimonachum.
746 4385 799 4450 Fr.
819 4385 873 4466 IV,
891 4405 922 4469 p.
940 4386 1014 4450 439.
1034 4419 1079 4431 -
1098 4383 1177 4448 hs.
1195 4382 1251 4458 ΙΙΙ,
1271 4401 1301 4465 p.
1319 4381 1396 4446 337.

269 4498 345 4552 Hah.
368 4499 399 4552 in
425 4499 576 4554 montanis
599 4499 691 4569 siccis
712 4497 785 4554 Pelo
807 4513 936 4554 onnesus
957 4493 1090 4566 (Sinin),
1109 4511 1196 4550 mons
1216 4495 1312 4549 Athos
1332 4491 1526 4551 Macedoniae

236 4567 387 4639 (Griseb.],
408 4571 549 4626 Armenia
570 4569 694 4626 Turcice
716 4569 754 4625 ad
798 4569 883 4626 aibut
906 4568 1045 4638 (Bourgt)
1067 4571 1096 4623 et
1120 4566 1245 4622 Tortum
1264 4563 1528 4635 (Calvi),Tanria
