3090 5168
81 319 213 390 uncum
353 373 359 390 ,
570 331 780 374 nnuumnosre
1268 321 1322 378 129

101 437 161 492 Hau.
174 437 200 490 in
211 437 294 518 pratis
306 435 442 492 humidis
469 439 499 492 et
517 436 681 502 maritimis,
700 437 815 493 Graecia
829 438 859 492 in
873 437 1015 510 Argolide
1036 438 1183 510 (Sprunt),
1209 439 1321 496 Tauria

77 515 99 564 et
114 524 179 580 pror.
191 507 242 562 Cis.
265 511 292 562 et
315 508 575 564 Transcaucesicae
592 509 641 578 (ex
662 509 804 578 Ledebt).
827 508 914 580 Syria
933 510 1084 565 maritima
1096 511 1135 565 ad
1154 509 1320 582 Berythum
1356 551 1359 558 .
1456 545 1460 560 ·

76 579 208 650 (liundyl).
219 578 259 633 rt.
271 582 330 634 aest

109 677 135 761 β.
155 675 402 758 murocinetum.
425 715 468 725 -
501 675 650 760 capitula
681 679 819 760 minora,
852 678 1019 745 fructifere
1059 680 1319 764 ovato-oblonga,

79 769 169 850 utycis
194 767 286 831 tubus
310 769 403 850 apice
427 767 636 832 circumcirca
657 767 968 848 nigro-maculatus,
994 769 1111 835 dentes
1143 769 1222 837 tubo
1243 771 1321 838 sub

80 856 209 939 longiores
228 858 387 921 nninervii
412 857 549 921 inferior
572 856 666 923 latior
685 857 852 922 trinervis.
880 859 912 924 Τ.
928 857 1186 939 cipro-cinctum
1214 859 1319 925 Boiss.

78 945 193 1027 etttrptr.
210 945 320 1026 Diagn.
344 945 416 1012 Ser.
437 943 480 1022 ll,
500 947 530 1026 7,
555 964 586 1028 p.
605 948 658 1011 46.

75 1055 160 1196 ⁶¹glab.
176 1057 202 1110 iu
217 1056 304 1129 pratis
325 1055 460 1113 humidis
472 1055 668 1130 Peloponnesi
688 1073 781 1130 prope
803 1058 984 1129 Tyrintbum
1002 1058 1108 1130 (Orph.
1126 1059 1169 1114 Fl.
1183 1047 1233 1115 Gr.
1254 1075 1315 1115 exs.

74 1220 224 1350 atam
251 1221 382 1290 liudem,
395 1223 498 1280 Gallia
513 1223 712 1294 occidentalis,
728 1223 810 1294 regio
825 1221 1041 1280 Mediterranea
1058 1222 1185 1296 Europae
1198 1228 1228 1280 et
1239 1223 1318 1280 Afri·

102 1515 143 1580 u.
162 1515 200 1581 Τ.
222 1514 449 1600 plebeium
478 1514 492 1600 t
502 1515 607 1582 Boiss.
636 1516 751 1599 Diagn.
777 1516 848 1582 Ser.
879 1515 902 1592 l,
926 1518 966 1596 9,
993 1535 1024 1599 p.
1045 1515 1107 1600 tt)
1133 1517 1209 1600 pilis
1229 1535 1247 1582 e
1266 1521 1319 1584 tu-

72 1603 183 1670 berculis
210 1605 342 1670 nrinutis
367 1607 451 1672 ortis
468 1606 705 1684 tomentellnm,
727 1605 875 1672 carrlibus
900 1605 1041 1688 diffusis,
1063 1606 1196 1687 stipulis
1223 1613 1319 1689 parte

71 1693 148 1758 itari
163 1693 302 1760 breviter
332 1695 530 1763 lanceolatis.
560 1695 681 1760 foliolis
709 1693 814 1759 oratis
839 1694 978 1775 obtusis,
998 1695 1150 1778 capitulis
1169 1695 1320 1762 breviter

70 1782 262 1865 plancutatis
276 1784 395 1866 parvis
407 1785 512 1850 oratis
526 1783 706 1849 fructiferis
720 1783 911 1865 compactis,
927 1783 1046 1866 catycis
1061 1783 1220 1866 adpresse
1242 1783 1321 1850 hirti

69 1871 160 1938 urnttt
177 1873 368 1938 octnroteuci
388 1873 487 1956 triplo
509 1872 671 1938 brevioris
700 1871 825 1937 laciniis
856 1871 1215 1938 lanceolata-subulcus
1235 1873 1285 1938 inf
1303 1910 1318 1922 -

69 1959 133 2026 nore
144 1959 279 2044 longiore
296 1961 334 2027 in
358 1961 467 2044 calyce
486 1962 655 2028 fructifero
672 1960 826 2044 expausis
843 1961 1241 2042 triangulari-lanceoletis
1261 1961 1320 2026 tri·

68 2049 162 2200 punis
190 2051 265 2117 tubo
293 2050 458 2134 profunde
482 2051 606 2118 sulcato
630 2051 776 2116 breviter
798 2053 893 2115 ovato
920 2049 1195 2132 subeunilongis,
1228 2051 1320 2117 fauce

67 2143 151 2203 causi
169 2147 215 2218 Θ.

91 2247 152 2305 Han.
164 2250 192 2305 in
205 2250 383 2306 Antilibano
396 2251 474 2306 inter
484 2249 637 2319 Rasclneye
651 2253 680 2304 et
693 2249 875 2306 Damascum
888 2231 1024 2319 (Boiss't).
1038 2250 1082 2304 Fl.
1095 2247 1165 2305 Mai.

90 2343 178 2400 Cautes
188 2346 236 2402 35
289 2345 418 2411 llicares,
427 2345 530 2401 foliola
540 2345 590 2400 3-4
602 2344 697 2400 lineas
705 2344 805 2415 longa,
818 2344 949 2417 capitula
958 2345 1104 2401 fructifera
1114 2343 1253 2401 avallone
1265 2345 1320 2400 mi-

65 2429 125 2469 nora.
143 2417 229 2474 ‚tuine
279 2460 285 2470 .
308 2417 465 2473 maritimo
480 2417 578 2472 differt
595 2415 707 2472 corolla
723 2417 824 2486 calyce
843 2415 931 2488 triplo
949 2415 1096 2487 longiore,
1116 2417 1188 2472 tubo
1210 2415 1320 2487 calycis

63 2485 173 2543 uantur
187 2489 333 2544 crassiore
346 2492 436 2544 ovato
450 2488 529 2543 hirto
543 2487 686 2560 profunde
702 2486 824 2543 sulcato.

95 2723 138 2787 tl.
159 2723 198 2788 T.
223 2727 460 2790 scutetum
489 2720 609 2806 (Boiss.
639 2720 754 2804 Diagn.
773 2721 843 2786 Ser.
862 2720 894 2794 l,
913 2721 951 2800 i,
978 2741 1009 2805 p.
1028 2723 1085 2806 ⁶27)
1114 2723 1224 2805 patule
1253 2723 1321 2788 hir-

62 2817 123 2892 tm,
137 2813 284 2878 cautibus
303 2811 425 2876 erectis
449 2815 482 2876 et
501 2809 805 2893 procumbentium,
826 2810 960 2892 stipulis
972 2811 1231 2876 membranaceis
1251 2811 1320 2876 vio-

63 2900 267 2966 tueostu'atis
298 2905 392 2983 parte
421 2899 525 2964 liberi
544 2900 677 2964 foliacet
706 2899 893 2978 lanceolatt,
918 2899 1036 2964 t'oliolis
1056 2899 1214 2970 eboratis,
1233 2900 1321 2982 capi-

63 2989 121 3054 tulis
145 2989 375 3072 peduneutatis
396 2989 501 3054 enatis
516 2987 696 3054 fructiferis
716 2989 866 3069 oblongis
891 2988 1066 3070 compactis
1093 2993 1126 3053 et
1149 2988 1241 3054 facite
1261 2989 1317 3053 de·

61 3079 151 3146 diuis.
178 3078 300 3160 cntycis
322 3077 444 3142 corolla
468 3076 662 3142 octrroteucd
681 3077 779 3159 triplo
800 3075 963 3141 brevioris
977 3076 1103 3141 laciniis
1123 3077 1240 3144 uitiatis
1262 3077 1319 3142 tri-

62 3167 159 3232 narniis
174 3167 323 3234 breviter
334 3170 368 3230 et
380 3165 444 3230 tate
460 3165 649 3230 lanceotatis
663 3167 819 3234 ‘inferiore
833 3165 933 3247 duplo
947 3161 1091 3246 longiore
1108 3166 1174 3230 tate
1189 3167 1313 3232 lineari·

60 3253 223 3330 lanceolati,
241 3255 353 3337 calyce
378 3253 548 3319 fructifero
570 3254 751 3320 incrassato
771 3253 923 3320 obconico
943 3253 1105 3336 profunde
1132 3254 1256 3320 sulcato
1272 3257 1319 3318 ta-

61 3343 131 3408 ciniis
149 3343 522 3425 oratotriangutnribns
540 3343 829 3424 patenti-recurvis
847 3358 992 3424 superne
1005 3341 1318 3408 scrobicutato-reti·

60 3432 151 3499 culatis
167 3452 205 3499 eo
219 3431 433 3498 brevioribus
446 3435 603 3514 superato
623 3438 674 3509 Θ.

84 3541 147 3598 Heb.
159 3544 188 3599 in
201 3543 332 3600 collibus
342 3541 446 3612 Lydia
456 3541 533 3597 circa
545 3531 704 3611 Smyrnam
718 3542 832 3610 (Boisst
846 3541 909 3597 Bal.
918 3558 978 3597 ens,
991 3555 1025 3597 no
1034 3541 1123 3612 icen),
1132 3541 1226 3612 Syriae
1237 3542 1316 3598 litto-

58 3613 112 3669 ntis
123 3616 193 3670 cirea
204 3613 353 3687 Tripolim
368 3614 440 3667 etin
454 3612 597 3684 lapidosis
610 3613 697 3668 cultis
711 3613 748 3668 ad
761 3611 847 3668 Kaeir
860 3613 937 3668 inter
953 3613 1116 3682 Berythum
1137 3617 1165 3668 et
1177 3613 1319 3669 Sidonem

60 3683 127 3754 [Bru
139 3685 296 3742 Palestinae
308 3686 340 3740 in
354 3683 490 3740 Carmeio
506 3687 535 3739 et
548 3683 671 3756 planitie
684 3683 845 3740 Esdratllon
859 3684 994 3753 (Boisst).
1009 3683 1051 3738 Fl.
1065 3683 1134 3738 Mei.

84 3779 178 3836 canis
188 3778 439 3851 6-19epollicares,
450 3777 579 3861 capitula
591 3778 718 3836 florifera
726 3777 871 3834 avellanae
885 3779 944 3833 fere
953 3777 1157 3848 magnitudine
1170 3779 1320 3837 fructifera

60 3845 93 3904 ld
103 3850 187 3907 lineas
198 3852 249 3906 lon
303 3850 401 3905 stata
415 3849 533 3921 Species
555 3847 586 3904 T.
599 3847 708 3922 plebani)
729 3856 758 3904 et
769 3849 904 3923 clypeata
917 3849 1094 3905 intermedia
1113 3865 1130 3904 a
1170 3851 1245 3906 riore
1260 3857 1320 3908 eta

62 3917 234 3978 imm-inmo
267 3921 372 3977 laciniis
393 3921 551 3975 fructiferis
567 3921 635 3975 latis
658 3921 859 3977 scrobiculatis
884 3921 937 3976 sed
962 3936 1021 3975 non
1035 3923 1068 3974 ut
1087 3921 1118 3974 in
1165 3920 1320 3995 ,clupeato

63 3991 127 4050 ulte
138 3993 265 4050 dilatatis
277 3991 413 4047 foliaeeis
426 3991 626 4047 multinerviis
638 3991 785 4048 distincta.

93 4225 139 4290 tc.
159 4227 199 4294 Τ.
229 4228 488 4313 clypeatam
507 4225 636 4311 (la'Sp,
659 4226 758 4312 teet)
775 4227 886 4310 patrnle
906 4229 938 4290 et
952 4245 1050 4309 parce
1070 4228 1223 4309 pilosum,
1246 4245 1320 4292 cann-

63 4309 130 4379 litus
147 4317 445 4398 procumbentibus,
463 4317 596 4400 stipulis
612 4316 754 4382 dilatetis
768 4315 956 4382 semiovatis
973 4315 1089 4395 acutis,
1110 4317 1228 4380 fnnliotis
1242 4316 1320 4380 obo-

65 4403 130 4466 utis
153 4405 362 4472 inferioribus
387 4406 517 4478 retusis,
549 4405 700 4487 capitulis
728 4403 957 4488 pedunculatis
984 4403 1140 4469 floriferis
1169 4402 1320 4469 eboratis

65 4485 216 4560 bannens
232 4495 339 4560 oratis
362 4494 537 4577 compactis
563 4499 596 4559 et
614 4494 704 4559 facile
728 4493 886 4574 deciduis,
915 4493 1033 4574 cutycis
1058 4492 1168 4575 patule
1191 4497 1223 4556 et
1248 4491 1318 4555 tane

1143 4605 1160 4656 9
