3120 5162
198 223 217 280 2
756 232 968 277 nassamones.
1188 220 1480 282 Balsamodeodron.

199 355 345 417 nuatum.
367 347 490 430 Stigmo
502 347 682 414 indivisum
702 347 755 414 rol
773 349 828 412 1-5
844 346 964 412 lobum.
982 345 1087 414 Ovcrla
1106 345 1140 413 in
1156 346 1272 414 loculis
1286 349 1361 413 bina
1378 351 1481 416 raris-

201 440 284 506 sime
314 437 461 504 solitaria
485 437 628 520 pendula
656 436 765 502 rarius
792 433 1002 502 ascendentia
1033 436 1212 519 micropyle
1232 441 1353 520 supera
1373 439 1476 522 rophe

199 526 347 595 ventrali.
368 525 509 592 Fructus
530 525 715 608 dropaceus
735 524 944 591 indehiscens
965 525 1020 590 ab
1038 542 1185 609 pyrenus
1206 526 1258 590 vel
1278 526 1480 612 pseudooap-

198 617 319 685 solaris
347 613 511 698 epicarpio
536 615 571 680 in
593 615 650 678 b-fl
670 615 783 679 valvas
799 611 972 679 secedente
996 632 1138 698 pyrenas
1171 614 1324 682 nudante.
1348 614 1477 682 Semina

197 706 340 790 pendula
369 703 615 770 exalbomlnosa
638 706 724 772 testa
749 702 1004 769 membranacea.
1035 741 1076 751 -
1100 701 1248 770 Arbores
1267 704 1318 770 vel
1343 703 1477 772 frutices

197 794 419 862 balsamilluae.
443 791 582 858 -Ordo
618 792 692 858 olim
726 808 800 857 com
828 788 1087 858 Terebintbooois
1112 792 1304 874 conjunctus
1335 794 1392 858 sed
1427 793 1478 859 Si-

197 881 365 948 ercor-ubete
384 889 417 948 et
440 879 594 948 Rofoccis
610 880 713 964 magis
732 881 836 947 affinis
853 883 885 944 et
907 879 963 963 qui
985 879 1093 964 aptius
1120 879 1231 946 forsan
1251 882 1345 965 juxto
1367 900 1423 948 oas
1441 884 1476 949 in

197 973 364 1039 volumine
377 971 480 1055 priori
496 970 660 1035 militaret.

383 1283 741 1360 nnlstltcbnllnnoll
758 1284 846 1378 (llll.
869 1285 944 1360 bno.
975 1287 1025 1360 Sc.
1051 1285 1121 1360 Not.
1148 1307 1179 1381 p.
1202 1285 1292 1382 ala).

238 1501 352 1568 Florcs
369 1501 528 1585 polygami
544 1502 596 1566 vel
614 1502 801 1584 imperfecte
819 1501 964 1566 diclines.
985 1499 1086 1584 Calyx
1105 1503 1284 1569 urceolaris
1304 1504 1356 1569 vol
1375 1504 1474 1571 tubu-

195 1593 286 1657 losus
307 1591 497 1656 t-oemorus
526 1591 719 1674 persistens.
755 1590 864 1655 Petala
893 1590 1105 1656 bsubereeta
1130 1591 1398 1676 lineari-oblonga
1423 1594 1474 1658 in·

195 1679 510 1763 duplicato-valvam.
532 1679 676 1745 Stamina
704 1681 724 1744 8
751 1679 852 1744 libera
874 1680 1009 1761 margini
1039 1679 1117 1744 disci
1146 1681 1313 1764 copularis
1336 1682 1471 1748 inserta.

195 1769 350 1835 Ovarium
368 1768 457 1834 disco
477 1768 618 1834 cinctum
638 1769 754 1833 sessile
775 1769 830 1832 aa
851 1769 992 1835 loculare
1019 1769 1133 1834 loculis
1159 1769 1349 1850 biovulatis‚
1363 1773 1471 1854 stylus

194 1857 317 1937 brevis,
337 1857 452 1940 stigma
467 1857 584 1923 obtuse
600 1856 841 1941 quadrilobum.
863 1858 976 1940 Drupu
990 1861 1084 1922 ovata
1095 1858 1146 1922 vel
1160 1857 1293 1940 globosa
1306 1861 1472 1944 epicarpio

194 1947 251 2012 ab
279 1945 596 2028 valvi.mesocarpio
619 1946 822 2026 eyalbiformi
845 1947 1002 2030 pulposo,
1025 1947 1159 2030 pyrenis
1184 1948 1237 2012 1-3
1260 1949 1365 2014 osseis
1396 1968 1473 2016 con-

192 2035 293 2100 cretis
303 2036 552 2118 monospermis.
566 2031 775 2100 Semontestt
788 2035 1302 2117 membranacea,cotyledonibus
1314 2037 1470 2104 tenuibus

191 2123 484 2206 contortuplicatis,
506 2122 650 2188 radicula
662 2127 794 2206 supera.
807 2123 1052 2189 —brbuscnlae
1066 2129 1099 2188 et
1110 2124 1242 2189 frutices
1257 2126 1471 2193 balsamifluae

193 2231 279 2296 saepe
299 2213 534 2296 spincscentcs‚
555 2211 639 2277 foliis
657 2212 794 2278 alteruis
818 2215 870 2278 1-3
889 2212 1038 2279 foliolatis
1052 2213 1101 2276 vel
1122 2212 1395 2298 imparipinnatiS,
1411 2215 1470 2281 flo-

191 2304 284 2369 ribus
303 2301 424 2384 parvis.

237 2542 266 2605 1.
287 2539 331 2605 B.
352 2536 703 2622 Opobalsamum
721 2537 850 2624 (Forslr.
872 2538 984 2606 Descr.
1008 2557 1037 2621 p.
1068 2540 1109 2603 ne
1136 2539 1199 2605 sub
1218 2540 1391 2626 norpradi)
1415 2561 1468 2608 ar-

190 2629 339 2710 boreum,
359 2627 460 2692 ruinis
478 2626 659 2691 inermibus
677 2627 769 2708 louge
785 2627 917 2708 virgatis
932 2627 1071 2708 glabris,
1086 2628 1171 2694 loliis
1189 2629 1335 2694 breviter
1346 2631 1468 2712 pubes-

190 2717 339 2785 centibus
377 2715 429 2780 vel
463 2715 619 2797 glabratis
651 2716 847 2781 trifoliolatis
875 2715 994 2782 foliolis
1019 2716 1130 2798 parvis
1156 2717 1302 2782 oboratis
1328 2719 1465 2802 integris

188 2806 259 2872 basi
278 2806 372 2889 longo
392 2803 540 2870 conectis
554 2804 717 2868 terminali
736 2804 932 2888 submajore‚
949 2804 1087 2871 floribus
1107 2807 1279 2886 coetaneis
1297 2807 1466 2889 podicellis

187 2895 338 2961 unilloris
358 2893 466 2958 rarius
482 2892 619 2958 trilloris
637 2893 719 2958 floro
736 2894 945 2960 brevioribus
961 2893 993 2958 in
1013 2897 1140 2976 gemme
1160 2895 1314 2960 solitariis
1327 2897 1377 2960 vel
1393 2898 1466 2980 plu-

186 2983 291 3062 ribus
311 2982 428 3065 calpois
448 2981 594 3046 brevitor
610 2983 764 3048 urecolati
782 2981 934 3047 dentibus
948 2982 1165 3062 ltrcvissimis
1182 2985 1298 3066 petalis
1312 2984 1467 3068 oblongo-

186 3072 377 3152 lincoribus‚
392 3070 506 3152 drupae
521 3075 623 3135 ovotae
642 3075 744 3136 acutae
759 3071 899 3136 valvulis
912 3072 933 3134 l
945 3071 1196 3154 epicarpiatibus
1210 3073 1346 3155 integris
1359 3093 1466 3140 meso-

186 3161 354 3314 carpiiqbio
370 3158 696 3314 ἶγῖῑὴῆονωῐῗζὲἶὼίἓ
705 3161 725 3223 fl
743 3177 941 3313 pyTrenalmrm
955 3159 1079 3313 appssioem
1097 3179 1162 3313 31⁰¹}
1179 3163 1413 3315 atg'ingqyfigus
1432 3169 1462 3262 ᾗ.

187 3287 228 3296 -
281 3301 287 3312 .
324 3268 370 3330 po
393 3264 556 3312 asomum
629 3268 648 3312 ι.
699 3266 748 3312 cn.
799 3265 854 3313 ero
882 3267 937 3332 .p.
1010 3285 1079 3312 .—
1131 3266 1237 3333 capric
1290 3267 1351 3315 reo
1374 3269 1465 3316 cosas

187 3337 281 3404 Linn.
302 3337 399 3404 blant.
426 3339 467 3402 65
493 3373 538 3384 -
561 3337 644 3403 Valrl
664 3337 773 3420 Symb.
796 3337 820 3406 Ι.
839 3357 869 3420 p.
894 3339 946 3420 18,
973 3337 1037 3402 tab.
1068 3341 1116 3402 11.
1143 3373 1185 3386 -
1205 3339 1243 3404 Β.
1272 3337 1463 3404 Glfcodeusc

185 3427 259 3493 Ktb.
278 3427 338 3493 loc.
360 3427 411 3492 eit.

220 3537 296 3593 Hah.
317 3538 347 3593 in
361 3536 463 3592 Nubis
479 3535 604 3591 littorali
624 3535 832 3604 (Solrweinfl).
850 3535 880 3589 in
894 3535 1005 3592 Arabia
1032 3535 1147 3603 Forsl<.]
1161 3534 1278 3607 Species
1292 3537 1461 3620 subtropica

184 3611 212 3664 et
225 3609 336 3680 tropica
350 3607 536 3663 vinditionis
549 3611 668 3674 nostra,
680 3605 781 3661 forsan
794 3606 825 3660 in
838 3605 988 3662 littoribus
1045 3607 1189 3678 gypfiocis
1209 3608 1300 3661 inanis
1318 3607 1411 3663 Rubri
1433 3613 1462 3663 et

183 3679 214 3734 in
230 3679 340 3735 Arabia
353 3683 463 3752 petraea
476 3678 644 3734 australiori
657 3692 788 3732 crescens
803 3679 832 3732 et
846 3677 892 3734 hic
905 3678 1069 3749 prasertim
1078 3678 1117 3732 ob
1127 3678 1379 3750 comparationem
1392 3695 1461 3735 cunr

182 3751 376 3822 sequentibus
389 3751 507 3805 inserta.

217 3845 266 3900 Ar.
282 3844 382 3915 (iacgr.
397 3843 496 3899 Nubis
510 3843 656 3914 australis,
670 3843 779 3899 Arabia
793 3843 873 3900 felix.

228 4059 259 4122 l.
278 4056 322 4122 B.
342 4055 594 4140 pubescens
612 4053 722 4138 (Stcks
743 4055 820 4119 lieu·
833 4054 948 4120 Journ.
966 4054 989 4134 l,
1007 4075 1037 4138 p.
1053 4055 1200 4136 ibttab.
1218 4054 1253 4137 9)
1266 4055 1458 4121 fruticosum

182 4147 308 4211 inerme
325 4145 365 4208 od
395 4144 467 4209 folia
494 4149 525 4208 et
556 4147 664 4226 portes
688 4145 835 4208 novellas
856 4145 1258 4226 furfuraeco-pubesccns,
1289 4144 1372 4209 foliis
1402 4145 1459 4209 1-3

178 4233 266 4318 jugis
290 4233 406 4298 foliolis
431 4233 568 4313 integris
591 4232 780 4298 lateralibus
806 4232 1107 4314 oblongo-obovatis
1132 4233 1295 4298 terminali
1318 4232 1459 4299 obovato

181 4323 380 4406 petioluloto,
402 4321 539 4386 floribus
561 4322 612 4386 1-3
636 4326 713 4385 alito
742 4321 815 4386 folia
839 4322 879 4386 acl
902 4339 1045 4403 gemmas
1070 4321 1264 4387 fasciculatis
1294 4321 1460 4387 subsessi-

182 4413 278 4494 libus‚
299 4411 416 4493 colyeis
437 4409 591 4476 urceoluti
615 4409 769 4476 dentibus
797 4411 1018 4490 brevissimis,
1042 4411 1158 4493 petalis
1182 4410 1329 4478 oboratis
1352 4410 1458 4476 acutis
