3274 5182
259 341 314 398 810
777 363 1025 406 saxrrnneream.
1357 347 1520 422 Sourisrayu

296 464 373 522 Hah.
387 469 418 523 in
431 470 581 525 umbrosis
595 473 624 524 et
635 469 791 540 sylvaticis
805 471 932 541 regionis
946 468 1112 541 subalpinae
1133 471 1162 523 et
1174 467 1283 540 alpinae
1297 467 1522 540 eremitatem,

260 538 375 593 Gracia
388 541 418 594 in
433 541 587 596 montibus
607 541 734 611 Kyllene
754 541 857 613 (Orph.
881 541 924 596 Fl.
943 557 1002 594 ess.
1021 541 1112 610 aaut),
1124 539 1278 606 Parnasso=
1298 539 1405 610 Delphi
1420 539 1522 610 Eubem

236 633 240 645 =
259 609 389 682 Olympo
402 612 546 667 Thessalo
560 613 682 680 (Heltlrl
696 612 736 666 Or
757 612 812 682 ht),
826 612 977 667 montibus
994 611 1173 667 Macedoniae
1187 617 1216 666 et
1232 611 1366 666 Thraciae
1379 611 1522 680 (Grisehb,

259 681 389 752 Olympo
403 683 533 754 Bithyno
553 688 582 738 et
594 689 694 739 monte
708 631 860 753 llXisdagh
873 682 1021 738 Anatoliae
1044 682 1104 738 hor.
1118 681 1235 751 (statu,
1257 681 1343 736 Boiss
1353 685 1381 751 t),
1399 683 1522 737 Amrenit

260 751 297 806 ad
313 752 388 823 lspir
401 754 549 825 (Bourgt),
567 756 661 810 Ponto
683 753 786 810 Lazico
809 756 847 811 ad
869 753 971 826 Djimil
993 753 1097 823 (Bali),
1121 769 1203 825 prov.
1218 753 1383 808 Caucasicis
1396 753 1522 822 (lamb),

259 822 392 879 Caucaso
405 823 514 884 Iberico
528 825 700 882 2000’3000'
714 826 809 897 (Rupr
818 829 845 896 t).
859 825 901 880 Fl.
916 824 982 880 Jun.

294 918 460 1002 Speciminu
473 936 509 974 ex
525 921 643 992 Europa
655 920 777 975 australi
791 924 820 975 et
832 920 950 975 Oriente
964 919 1062 1002 petala
1074 919 1190 1002 habent·
1197 917 1368 974 borealibus
1380 933 1456 990 saepe
1464 919 1522 974 sub

259 1005 384 1062 majora,
396 991 496 1046 dentes
510 992 648 1047 foliorum
662 992 735 1046 mire
748 992 867 1046 variant
880 991 948 1063 plus
962 1006 1100 1046 minusve
1115 995 1201 1046 acuti.

294 1088 340 1143 Ar.
361 1089 460 1158 Geogr.
481 1088 596 1143 Montes
615 1089 693 1143 Euro
716 1104 741 1142 ae
761 1089 866 1143 mediae
885 1093 914 1144 et
926 1088 1064 1144 australis
1078 1105 1096 1143 a
1109 1087 1209 1143 Gallia
1221 1089 1251 1141 et
1265 1086 1409 1159 Hispania
1424 1086 1523 1141 boreali

259 1158 297 1213 ad
311 1159 502 1215 Germaniam
516 1159 685 1228 australem,
725 1159 877 1214 almatiam
891 1163 920 1215 et
932 1158 1191 1231 Transylvaniam.

306 1410 357 1472 29.
382 1403 421 1471 S.
436 1404 867 1490 chrysospleniiolia
887 1403 1010 1492 (Boiss.
1030 1404 1146 1487 Diegn.
1160 1405 1229 1472 Ser.
1243 1405 1267 1486 Ι,
1284 1407 1313 1480 3,
1333 1424 1364 1488 p.
1379 1403 1526 1489 scitante

260 1503 369 1562 erecto
388 1497 497 1561 foliato
514 1496 603 1579 apice
624 1497 694 1561 laxe
713 1497 897 1578 paniculato
921 1494 1131 1576 glaudinem,
1158 1495 1242 1560 sotiis
1266 1495 1341 1578 pilis
1360 1494 1526 1560 articulatis

259 1586 379 1668 crispis
399 1587 524 1668 sparsis
541 1584 657 1650 obsitis
674 1586 798 1650 teneris
817 1583 964 1666 margine
982 1601 1048 1649 non
1066 1583 1324 1648 membranaceis
1343 1582 1525 1648 radicalihus

261 1675 353 1756 longe
389 1675 551 1756 petiolatis
588 1675 663 1738 sinu
692 1675 900 1755 apertissimo
928 1671 1070 1738 cordatis
1108 1671 1527 1738 orbiculato-reniiormibus

259 1763 324 1828 late
352 1767 385 1828 et
412 1763 624 1828 obtusissimo
649 1763 957 1840 menete-dentalia,
983 1761 1121 1827 caulinis
1149 1759 1386 1826 subsessilibus
1412 1761 1525 1826 acutius

260 1851 411 1917 dentatis.
448 1852 564 1934 petalis
594 1852 705 1916 lacteis
729 1851 876 1918 eboratis
897 1849 1004 1931 calyce
1028 1851 1125 1934 triplo
1148 1850 1369 1932 longioribus,
1399 1851 1526 1932 capsula

257 1941 377 2005 rostris
396 1940 554 2005 brevibus
572 1940 900 2022 divergcnti-erectis,
921 1940 1104 2004 seminibus
1121 1938 1473 2004 minimislaeiiusculis
1489 1943 1524 2007 tl.

259 2029 291 2095 S.
310 2027 535 2109 rotundisolio
553 2028 599 2093 Fl.
614 2027 717 2093 Graee.
738 2033 770 2093 et
785 2029 832 2093 Fl.
855 2029 967 2111 Pelop.
985 2047 1025 2094 ex
1041 2033 1136 2111 parte
1156 2047 1220 2093 non
1240 2027 1274 2092 L.

294 2141 373 2195 Hah.
390 2142 420 2195 in
434 2139 619 2211 rupestribus
633 2139 782 2194 umbrosis
795 2140 923 2210 regionis
937 2140 1085 2195 inferioris
1098 2143 1128 2194 et
1141 2142 1290 2193 montanae
1298 2153 1392 2210 usque
1402 2135 1525 2202 adeost,

260 2213 358 2267 fauces
372 2212 498 2281 Taygeti
518 2211 556 2265 ad
575 2215 603 2264 et
621 2227 711 2281 supra
730 2209 832 2264 Mistra
849 2210 962 2280 (Boissl
980 2210 1109 2278 Heldrli,
1132 2214 1247 2264 ruentes
1267 2209 1386 2264 hlalevo
1400 2208 1523 2264 Laconia

261 2289 289 2338 et
301 2281 428 2352 Kyllene
442 2282 547 2407 (Orgh.
566 2281 608 2336 Fl.
632 2282 681 2336 Gr.
695 2297 755 2336 exa.
768 2280 858 2350 3981).
879 2281 1026 2336 Messenia
1046 2282 1140 2349 [herb.
1161 2280 1292 2335 Fauche!
1307 2277 1436 2348 Heluii),
1451 2293 1525 2334 mens

258 2353 405 2409 Maenalus
420 2356 492 2408 Arca
517 2354 551 2406 iae
565 2352 703 2420 (fleturi),
716 2357 832 2407 montes
846 2352 952 2407 insulae
969 2352 1112 2421 Zacynthi
1124 2351 1219 2419 (hlazz
1229 2354 1249 2420 l)
1263 2354 1293 2406 et
1306 2351 1489 2422 Cephalonis
1497 2350 1522 2402 in

259 2429 358 2479 monte
384 2425 477 2478 OEnos
497 2423 638 2492 (Heldr!)‚
662 2423 756 2477 Cretae
779 2423 810 2477 in
830 2423 982 2478 montibus
1004 2423 1197 2495 Sphacioticis
1217 2422 1297 2478 2000'
1318 2427 1347 2476 et
1368 2429 1464 2477 monte
1482 2419 1524 2474 lclt

259 2495 403 2565 (HeldrtJ.
416 2495 459 2550 Fl.
474 2498 544 2566 Apr.
558 2494 626 2548 Mai.

293 2593 318 2646 A
335 2591 364 2648 S.
380 2585 575 2662 romedifolici
588 2589 667 2644 foliis
680 2591 788 2644 teneris
805 2589 1025 2660 immerginatis
1043 2590 1148 2645 obtuse
1170 2588 1306 2658 dentatis,
1321 2589 1414 2644 torma
1427 2586 1524 2660 petalo

257 2679 333 2731 rum,
347 2663 512 2718 seminibus
531 2661 654 2716 dimidio
674 2660 840 2716 minoribus
857 2661 984 2716 laevibus
997 2661 1144 2716 distinete.

301 2917 354 2979 30.
383 2910 423 2978 S·
443 2912 676 2997 olympica
700 2913 818 2995 (Boiss.
839 2913 953 2996 Diogn.
975 2913 1046 2980 Ser.
1067 2914 1100 2996 Ι,
1120 2916 1159 2992 3,
1178 2933 1208 2997 p.
1233 2913 1288 2997 19)
1306 2911 1521 2996 glabriuscula.

255 3002 405 3068 caulibus
421 3003 538 3068 erectis
560 3002 767 3068 nudiuscnlis
788 3003 1211 3086 paniculuto-corymbosis,
1236 3003 1321 3069 loliis
1342 3000 1523 3066 radicalihus

254 3091 348 3172 longe
366 3090 526 3174 petioiatis
547 3091 621 3156 sinu
640 3091 750 3156 clauso
770 3091 912 3156 cordatis
924 3093 1158 3159 renisornrihns
1171 3110 1235 3157 non
1254 3090 1440 3173 marginatis
1454 3087 1522 3152 den·

253 3180 343 3244 tibus
376 3179 563 3245 numerosis
590 3179 849 3261 triangularibus
881 3180 955 3262 plus
986 3183 1095 3246 minus
1126 3181 1250 3262 acutiS,
1281 3180 1366 3245 loliis
1397 3175 1522 3244 caulinis

254 3269 354 3334 uirilis
379 3269 431 3333 vei
454 3270 506 3333 ta
532 3269 643 3350 parvis
669 3267 841 3334 sessilibus
869 3277 964 3334 acute
981 3270 1111 3339 incisis.
1131 3269 1247 3354 petalis
1267 3268 1417 3352 ellipticis
1438 3265 1522 3331 obtu-

252 3356 407 3422 siusculis
427 3357 535 3438 calyce
553 3357 651 3439 triplo
671 3357 884 3439 longioribus,
904 3359 1047 3441 capsulae
1072 3359 1189 3424 rostris
1212 3356 1521 3435 aretiauetrergen-

252 3443 342 3510 tibus
372 3445 702 3523 subhorizontalibus,
731 3447 912 3512 seminibus
936 3449 1029 3512 oculo
1051 3447 1145 3512 valde
1166 3451 1291 3512 armato
1315 3444 1522 3511 tuberculato·

252 3536 416 3617 punctalis
442 3539 484 3604 p,
503 3533 533 3600 S.
552 3533 778 3613 retitudisob'u
793 3553 862 3598 cer.
876 3535 1006 3616 yeoirtos
1022 3533 1152 3601 Griseb.
1175 3536 1261 3619 Spic.
1280 3535 1305 3612 Ι,
1326 3555 1356 3617 p.
1377 3535 1447 3599 336.

287 3643 363 3698 Hab.
378 3645 408 3698 in
423 3644 554 3698 humidis
567 3644 646 3698 etad
659 3643 773 3698 rivulos
785 3646 816 3699 in
829 3646 950 3714 regione
962 3647 1108 3718 superiori
1119 3646 1241 3717 Olympi
1255 3644 1379 3714 Bithyni
1392 3643 1516 3714 (Belesi),

252 3715 362 3769 montis
373 3715 475 3770 Scardi
488 3714 668 3769 Macedoniae
682 3715 815 3783 (Grisebl
828 3715 911 3788 Orph
920 3719 948 3787 l).

283 3811 389 3865 Caules
405 3811 481 3875 'sa-l·
505 3809 610 3874 edales,
624 3809 696 3864 lolia
709 3811 751 3864 eis
765 3809 794 3867 S.
807 3811 1010 3883 rotundifolioe
1028 3813 1142 3868 acutius
1158 3817 1187 3868 et
1200 3811 1331 3867 crebrius
1344 3809 1463 3875 dentata
1477 3807 1516 3860 in·

250 3882 433 3936 florescentia
453 3825 521 3951 pilis
541 3881 638 3935 rubris
656 3880 841 3950 glandulosis
859 3883 971 3952 obsita,
992 3884 1091 3955 petala
1110 3884 1226 3955 punctis
1244 3883 1343 3938 rubris
1365 3877 1517 3936 innumeris

251 3951 329 4024 picta
349 3967 428 4024 saepe
451 3953 699 4022 purpurascentia.
720 3951 811 4007 Foliis
832 3969 889 4009 non
913 3954 1007 4009 firmis
1031 3971 1083 4010 nec
1105 3955 1290 4036 marginatis,
1310 3952 1440 4008 caulibus
1453 3946 1519 4004 suh-

253 4022 394 4094 aphyllis‚
408 4021 555 4093 stylorum
569 4022 737 4090 directione,
751 4025 943 4080 seminibusa
956 4024 987 4082 S.
1001 4023 1198 4098 rotundisolui
1210 4025 1358 4080 distincta.

295 4257 346 4320 31.
372 4254 412 4321 S.
431 4255 654 4340 Taygetea
672 4255 793 4340 [Boiss.
814 4261 847 4321 et
866 4257 977 4323 Heldr.
995 4258 1108 4338 Diagn.
1124 4258 1193 4325 Ser.
1211 4257 1236 4336 l,
1261 4259 1310 4340 10,
1333 4276 1363 4340 p.
1388 4255 1436 4336 re)
1451 4269 1518 4316 cau·

249 4345 334 4409 libus
354 4344 472 4409 erectis
493 4345 697 4409 nudiusculis
722 4362 867 4427 superne
896 4347 968 4413 laxe
996 4346 1411 4430 paniculutocorymbosis‚
1439 4339 1518 4406 toliis

249 4433 360 4513 parvis
382 4433 484 4498 tirmis
505 4435 567 4497 sub
593 4433 678 4498 lente
702 4451 801 4515 parce
825 4434 920 4500 hirtis
945 4434 1184 4518 immerginatis
1210 4436 1404 4500 radientibus
1433 4432 1515 4508 longe

249 4521 413 4602 petiotatis
443 4521 815 4588 truncato-subcordatis
839 4523 1074 4590 renilormibus
1094 4525 1159 4590 late
1178 4529 1213 4590 et
1235 4523 1438 4590 obtusissima
1452 4516 1516 4581 5-9-
