3334 5176
148 387 339 466 mamete.
553 373 556 380 ¹
689 407 901 450 amoursosra.
1377 393 1431 450 537

149 513 253 598 spicis
281 515 378 580 etiam
398 513 461 582 sub
482 515 612 582 unthesi
627 515 787 599 elongatis
805 515 899 596 laris,
917 515 1035 599 ealycis
1058 513 1216 598 adpresse
1243 513 1365 580 hirsuti
1380 531 1433 580 co-

151 604 235 670 rolla
248 606 344 669 rosea
360 605 474 670 striata
491 605 657 689 subdrrplo
669 605 832 671 brevioris
845 603 971 670 laciniis
983 601 1339 670 lanceolata-subulatis
1352 603 1431 669 tubo

149 693 320 776 subdupla
350 693 565 776 longioribus,
587 694 646 761 alis
663 695 771 778 calyce
792 694 888 776 paulo
910 693 1128 776 brevioribus,
1149 692 1268 758 vexillo
1287 694 1431 757 carinam

150 783 325 848 ntanileste
355 788 551 866 superante,
584 784 692 867 calyce
723 781 987 849 semiorbiculato
1015 781 1175 864 adpresse
1205 781 1291 846 hirto
1323 782 1432 864 calyce

149 872 256 937 multo
272 871 411 952 longiori
427 871 467 936 ad
485 871 612 940 discum
629 871 885 956 superficialiter
903 875 936 937 et
950 871 1158 954 inequaliter
1176 870 1337 936 loveolato
1355 869 1432 935 bre-

151 960 239 1026 viter
262 960 515 1027 a-a-aculeolato
543 963 643 1028 cristi
672 963 811 1044 angusta
840 959 875 1026 in
896 963 952 1026 aa
976 959 1091 1026 dentes
1119 959 1182 1024 late
1209 958 1430 1040 triangulares

148 1053 266 1115 acutos
282 1050 412 1132 partita.
437 1053 480 1120 il.

187 1159 264 1216 Hab.
279 1160 311 1215 in
329 1159 456 1218 collibus
469 1161 508 1218 ed
521 1163 687 1234 marginem
699 1161 844 1235 paludum
857 1159 1000 1217 Caesareae
1013 1161 1044 1216 iu
1058 1159 1247 1233 Cappadocia
1256 1159 1323 1230 (Bal
1331 1163 1359 1229 l).

186 1257 293 1313 Planta
306 1256 354 1313 3-4
366 1257 480 1330 pedalis
492 1260 625 1316 caulibus
639 1259 779 1316 tenuibus
795 1259 920 1314 ramosis
936 1257 1107 1335 foliol'sque
1120 1259 1241 1314 remotis
1255 1261 1284 1313 et
1296 1258 1431 1329 angustis

145 1328 278 1400 insignis
288 1345 296 1400 3
308 1329 396 1386 tiores
415 1332 501 1402 parvi
513 1333 530 1386 l
543 1331 638 1387 lineas
651 1329 743 1402 longi,
756 1331 895 1402 legumen
907 1329 926 1386 3
938 1331 1032 1388 lineas
1045 1333 1161 1386 tantum
1177 1329 1309 1399 longum.

196 1551 250 1616 ab.
271 1547 319 1617 Ο.
345 1547 635 1635 Kotsehyana
664 1549 778 1636 (Fenal
800 1551 881 1634 Pug.
901 1561 938 1616 τιο
957 1547 993 1636 b)
1013 1549 1170 1634 adpresse
1186 1551 1327 1628 hirsuta,
1356 1569 1431 1617 cau·

150 1637 239 1706 libus
258 1637 380 1705 erectis
407 1641 460 1705 vel
485 1638 777 1724 procumbentibus
803 1657 947 1724 superne
966 1639 1135 1720 flexuosis,
1160 1639 1247 1706 loliis
1273 1639 1432 1723 t-l-jugis

149 1727 271 1794 foliolis
287 1727 593 1811 ellipsim-oblongis
613 1731 665 1795 vel
685 1730 863 1796 linearibus
880 1729 1053 1809 lineolatis,
1070 1729 1264 1811 pedunculis
1277 1729 1432 1794 subdiva-

149 1818 274 1897 rieatis,
293 1817 394 1900 spicis
414 1816 546 1884 demum
570 1818 771 1901 longissimis
789 1819 884 1898 laxis,
903 1817 1042 1884 lloribus
1058 1818 1185 1884 carneis
1211 1817 1430 1884 mediocribus

147 1906 289 1984 strictis,
305 1907 426 1990 calycis
443 1909 563 1973 corolla
579 1907 712 1973 dimidia
731 1907 953 1989 sublongioris
973 1907 1096 1973 laciniis
1114 1907 1229 1972 ciliatis
1241 1907 1432 1972 lanceolata·

147 1995 318 2062 subulatis
335 1996 416 2061 tubo
443 1998 571 2081 2·3·plo
595 1997 809 2080 longioribus,
837 1997 896 2062 alis
918 1996 1026 2078 calyce
1053 1997 1128 2079 plus
1148 1994 1283 2060 dimidio
1303 1995 1431 2060 brevio-

145 2083 257 2166 ribus,
284 2082 405 2152 vexillo
434 2085 543 2152 carina
564 2085 748 2152 subtriente
767 2085 930 2166 breviore,
961 2085 1123 2168 legumine
1149 2101 1252 2168 parvo
1271 2084 1430 2167 adpresse

150 2171 275 2239 birtnlo
294 2171 433 2240 obovato
451 2175 560 2258 calyce
586 2161 742 2240 breviore
761 2173 801 2239 ad
826 2170 953 2240 discum
976 2173 1137 2256 profunde
1165 2178 1199 2240 et
1225 2171 1431 2256 inaequaliter

149 2262 410 2346 pauciloveolalo
438 2264 557 2329 inermi
575 2264 626 2329 vel
652 2262 905 2346 ae-spinuloso,
928 2263 1028 2328 crista
1044 2263 1078 2328 in
1099 2265 1154 2328 bb
1180 2263 1295 2328 dentes
1323 2280 1340 2326 e
1362 2260 1432 2326 basi

147 2351 344 2434 triangulari
364 2352 535 2419 subulatos
559 2353 721 2437 profunde
736 2353 856 2436 partita
870 2352 960 2435 apice
976 2368 1062 2435 saepe
1075 2355 1225 2418 truncati
1244 2350 1367 2416 bicorni
1385 2355 1429 2420 tl.

147 2437 274 2525 Hcdpa.
291 2437 498 2523 Onobrpclu's
514 2441 612 2508 liuss.
632 2441 750 2524 Alepp.
768 2440 832 2506 tab.
852 2443 888 2505 ll
911 2457 976 2506 non
990 2431 1025 2505 L.

216 2553 261 2608 ab.
282 2553 314 2609 in
332 2551 458 2610 collibus
472 2553 502 2610 la
523 2555 614 2610 idosis
633 2553 653 2609 S
677 2553 838 2610 riaeadAle
861 2569 899 2638 po
918 2553 1023 2622 (Auch.
1035 2569 1096 2610 exs.
1115 2553 1200 2610 1058!
1221 2553 1346 2624 Kyexs.
1360 2550 1430 2607 1701

196 2621 326 2694 ausskl),
344 2639 435 2697 prope
454 2571 525 2682 orffa
539 2567 709 2696 (Haussll),
724 2625 818 2681 Gebel
839 2569 957 2752 gruddar
967 2625 1099 2696 Assyriae
1113 2625 1282 2693 (Haussklt,
1312 2623 1430 2678 lanities

145 2694 228 2821 ffir
241 2695 423 2752 Damascum
443 2700 472 2752 et
483 2695 690 2753 Antilibanum
708 2695 845 2766 (Boissl),
856 2697 887 2751 in

187 2861 296 2918 Gaulos
306 2863 428 2935 pedales
440 2864 489 2922 sol
501 2864 661 2934 breviores,
672 2864 759 2920 llores
772 2833 814 2920 c'is
836 2863 868 2922 O.
882 2864 987 2922 sabam
1003 2863 1149 2931 minuma,
1165 2865 1254 2937 spice
1267 2863 1388 2920 demum
1400 2863 1431 2918 4-

145 2931 347 3005 θροίἰὶωτοες
360 2935 472 3006 species
483 2935 659 3009 pedunculis
671 2935 847 3007 divaricatis,
860 2935 971 2992 vexillo
983 2936 1076 3008 brevi,
1088 2935 1238 3007 legumine
1251 2935 1332 3008 apice
1345 2933 1432 3006 quasi

148 3005 287 3060 truncato
301 3006 377 3061 inter
389 3007 491 3062 alilnes
503 3005 656 3064 notabilis.

923 2700 1018 2752 eserto
1043 2696 1081 2752 ad
1100 2696 1271 2768 Palmyram
1324 2695 1372 2764 ll).
1386 2691 1430 2750 ΡΙ.

186 3151 254 3208 0111.
276 3147 308 3209 0.
318 3151 458 3209 casualis
476 3151 571 3210 Sibth.
582 3157 611 3210 et
621 3153 681 3209 Sm.
691 3151 791 3210 Prodr.
804 3152 838 3223 11,
851 3169 877 3226 p.
890 3151 927 3209 83
938 3153 970 3208 in
990 3151 1125 3208 anatolia
1141 3151 1218 3207 inter
1229 3151 1388 3222 Smyrnam
1402 3152 1432 3205 et

145 3221 279 3279 Bursam
292 3225 358 3279 etin
369 3224 498 3280 insulae
542 3225 709 3282 roindicata
719 3229 795 3281 certa
808 3240 868 3280 non
881 3227 926 3281 ast
938 3225 1050 3296 specics
1060 3223 1224 3279 Linnaeana
1232 3223 1322 3308 hujus
1335 3221 1431 3277 norni-

146 3293 197 3348 nis
211 3309 248 3349 ex
260 3295 406 3367 Hispania
418 3299 448 3351 et
459 3297 518 3352 Gal
532 3299 561 3353 ia
573 3295 698 3354 oriunda
710 3301 739 3352 et
748 3296 870 3369 probab.
882 3294 1019 3352 adunam
1031 3294 1080 3350 vel
1090 3295 1191 3367 plures
1204 3309 1368 3366 specierum
1381 3307 1431 3347 sn-

146 3379 205 3437 pra
217 3364 432 3440 descriptarum
444 3371 562 3440 spectat.

492 3605 558 3686 §a
574 3638 619 3652 -
638 3600 1085 3688 Dendrobrychideae.

197 3765 248 3830 25.
269 3763 313 3832 0.
323 3770 514 3834 cornuta
525 3765 575 3852 (L.
591 3763 646 3850 Sp.
661 3767 746 3832 1060
766 3766 830 3833 sub
852 3762 1241 3850 Hcdpsurollruliculosa
1253 3763 1430 3830 intricatim

144 3853 1432 3939 ramosissimapulvinatapedunculisspinescentibushorrida,adpressehirta

144 3943 226 4028 plus
238 3941 347 4009 minus
358 3943 753 4026 canescens,sericea,vel
766 3947 1055 4026 cano-tomentosa,
1073 3942 1205 4026 stipulis
1225 3941 1431 4007 mambrana-

143 4029 1429 4116 ceistriamularibusacutispetioloadnatis,loliisimpari-pinnatisb-l·jugis

144 4119 270 4187 baliolis
289 4121 610 4188 lineari-lanceolalis
628 4121 732 4188 acutis
749 4123 905 4206 utrinque
922 4122 1038 4205 pagina
1053 4119 1111 4187 sed
1125 4119 1275 4186 inferiori
1292 4118 1430 4185 densius

146 4209 300 4290 hirsutis,
319 4209 515 4293 pedunculis
534 4209 733 4294 pausilloris
752 4209 872 4294 calycis
895 4211 1016 4277 hirsuti
1033 4209 1154 4276 corolla
1171 4211 1267 4274 rosea
1281 4207 1363 4291 lli,
1377 4207 1431 4273 vel

145 4297 248 4380 triplo
266 4297 431 4366 brevioris
454 4299 580 4366 laciniis
599 4297 752 4381 rigidulis
771 4296 1125 4366 lanceolata-subulatis
1141 4297 1220 4364 tubo
1238 4297 1431 4381 aquilongis

145 4387 201 4452 vel
216 4387 428 4455 brevioribus
450 4387 562 4454 rarius
581 4387 861 4471 sublongioribns,
881 4389 1000 4454 vexillo
1018 4386 1130 4470 glabra
1150 4391 1264 4454 retuso
1280 4387 1334 4451 vel
1353 4385 1432 4452 sub-

148 4475 258 4543 bilobo
288 4476 400 4560 carina
419 4475 532 4560 glabra
550 4477 706 4561 longiore,
733 4475 795 4543 alis
814 4477 963 4559 oblongis
982 4475 1111 4544 obtusis
1133 4475 1187 4542 vel
1216 4474 1433 4542 acutiusculis

143 4565 258 4650 calyce
284 4565 389 4632 multo
408 4565 617 4650 longioribus.
630 4566 741 4632 carina
765 4565 865 4632 tertia
890 4566 945 4632 rol
963 4567 1082 4650 quarti
1108 4568 1202 4650 parte
1220 4563 1434 4631 brevioribus
