3068 5192
198 403 252 461 970
699 416 955 460 tuunsumnnra.
1262 399 1455 459 Athernmtbe

245 581 275 644 i.
299 579 345 646 A.
367 576 509 645 densa
524 574 645 661 (Boiss.
667 579 700 642 et
716 575 816 659 Orph.
838 575 951 656 Diagn.
975 573 1044 641 Ser.
1066 574 1106 656 ll,
1127 576 1157 654 5,
1177 592 1210 657 p.
1229 572 1287 657 98]
1304 573 1457 640 tolandu-

200 674 309 734 mento
341 667 442 734 denso
470 668 564 733 brevi
592 667 734 732 molliter
759 664 915 745 velutina,
942 664 1033 728 caule
1062 681 1172 730 crasso
1199 662 1313 727 striato
1330 662 1458 728 humilia

200 757 268 824 basi
287 775 415 823 ramoso
435 757 630 838 corymboso
654 755 779 835 iolioso,
801 753 886 819 loliis
908 752 1031 818 ambitu
1051 750 1307 833 triangularibus
1326 751 1458 816 ternatim

199 846 430 928 decompositis
450 845 575 911 laciniis
595 845 702 928 planis
721 841 901 909 linearibus
919 839 1078 908 brevibus
1092 841 1229 923 integris
1249 843 1283 904 et
1297 838 1460 921 tripartitis,

199 936 350 1002 umbellas
380 935 481 1000 radiis
518 935 618 999 ao-as
656 934 767 1016 patule
804 931 1008 1012 tunicatosis,
1042 929 1203 996 involucri
1235 932 1269 994 et
1295 928 1458 994 involucelh

199 1024 320 1107 phyllis
340 1023 479 1106 hispidis
505 1022 675 1088 herbaceis
701 1020 981 1102 albo-marginatis
1002 1016 1342 1101 oblongo-lanceolatis
1358 1017 1458 1082 aeuni-

199 1113 284 1178 natis
304 1112 480 1196 pedicellos
500 1112 718 1194 aequantibus
734 1111 843 1176 fructu
864 1107 1023 1195 (juniore)
1040 1105 1368 1190 oblongo-cylindriro
1380 1105 1459 1188 stylis

200 1202 305 1284 longis
326 1202 425 1266 rectis
445 1199 758 1283 subdivergeutibus
776 1204 930 1282 superato
957 1207 1002 1271 tt.

106 1357 118 1374 .
236 1313 312 1367 Hah.
330 1313 361 1367 in
384 1329 419 1367 ru
441 1313 508 1367 ihus
532 1327 629 1384 proeru
651 1311 689 1365 tis
709 1311 818 1366 montis
839 1309 978 1366 Parnassi
1000 1309 1065 1365 loco
1088 1307 1312 1364 Crierozasteno
1329 1307 1403 1363 dieto
1419 1305 1459 1360 alt.

199 1383 278 1440 6000’
292 1384 401 1456 (Orphl
418 1329 585 1439 guicciardi
596 1385 623 1452 l).
661 1381 680 1436 l.
694 1381 751 1436 Jul.

234 1479 340 1534 Planta
348 1479 415 1536 7-10
426 1475 769 1550 polliceslongalataque
777 1492 827 1532 cor
849 1477 951 1532 mhum
960 1491 1124 1531 convexum
1137 1475 1331 1547 compositum
1339 1473 1458 1542 lomtaus,

199 1549 270 1604 lolia
282 1551 330 1606 56
344 1550 464 1633 pollices
480 1550 571 1617 longa
582 1548 698 1603 laciniis
711 1549 753 1604 eis
767 1549 803 1602 Α.
837 1548 957 1604 retensis
970 1548 1009 1602 du
1032 1547 1062 1602 lo
1074 1547 1232 1602 latioribus
1247 1551 1274 1601 et
1287 1545 1458 1615 longioribus,

199 1621 273 1676 radii
307 1620 448 1676 ollroares
462 1620 586 1674 Fructus
606 1623 720 1674 tanturn
731 1620 862 1689 juniores
875 1619 937 1674 vidi
950 1619 1001 1674 eti
1024 1633 1058 1674 eo
1068 1619 1143 1689 juga
1155 1633 1215 1672 non
1228 1617 1379 1672 observare
1390 1615 1458 1687 potui

198 1691 251 1746 sed
265 1639 305 1746 0ss
318 1692 413 1762 stylos
426 1691 539 1772 rigidos
556 1695 584 1744 et
604 1691 697 1745 ovarii
715 1691 842 1744 sormam
860 1689 1077 1746 Athamantico
1090 1705 1143 1744 nec
1157 1685 1401 1759 Portenscblapioe
1418 1687 1458 1754 [A.

198 1763 412 1820 ramosissimra
427 1762 498 1831 Vrs.)
511 1761 764 1816 adnumerandum
777 1776 840 1816 esse
856 1777 967 1816 censen.

581 2003 595 2032 *
633 2003 647 2032 *
685 2003 773 2058 Vittae
786 2004 843 2058 suh
853 2003 934 2075 jugis
947 2003 1097 2059 solitariae.

244 2145 273 2209 3.
298 2142 344 2208 A.
369 2139 652 2208 Macedonica
680 2141 732 2226 (L.
764 2141 820 2224 Sp.
848 2143 913 2206 sat
934 2142 996 2208 sub
1018 2139 1169 2225 Bubone)
1185 2144 1253 2206 tota
1273 2138 1406 2222 crispulo
1421 2141 1459 2202 to-

197 2233 359 2312 mentella‚
380 2231 470 2295 caule
490 2249 602 2296 crasso
619 2231 735 2297 striato
758 2233 827 2296 lere
854 2249 872 2296 a
901 2229 972 2296 basi
991 2230 1106 2294 crebre
1125 2247 1256 2295 ramoso
1275 2227 1459 2310 thyrsoideo

197 2321 380 2406 panicululo
397 2319 497 2384 rantis
510 2320 697 2396 ramulosis,
713 2320 797 2386 loliis
810 2319 935 2385 ambitu
947 2317 1203 2400 triangularibus
1219 2315 1459 2402 bipinnalisectis

198 2409 376 2491 segmentis
396 2408 597 2490 petiolulatis
616 2409 721 2475 ovatis
740 2408 881 2474 cordatis
907 2413 1002 2474 acrvte
1021 2406 1259 2473 multidentatis
1278 2405 1416 2472 indivisis
1432 2409 1460 2468 et

199 2497 377 2572 2-3-lobis,
404 2496 608 2562 ceulinorum
633 2499 810 2580 segmentis
838 2499 893 2564 3-5
922 2497 1034 2580 parvis
1063 2498 1209 2562 cunealis
1229 2495 1459 2580 paucidectatis

196 2585 349 2652 umbellis
369 2583 515 2650 breviter
533 2586 763 2668 pedunculatis
788 2585 962 2652 5-'l-radiis
987 2585 1270 2652 numerosissimis
1289 2581 1459 2650 lateralibus

195 2675 318 2757 saepius
334 2671 513 2754 sterilibus,
532 2675 694 2741 involucri
710 2680 743 2740 et
757 2676 945 2742 involucelli
969 2674 1089 2758 phyllis
1107 2673 1295 2740 lanceolatis
1315 2672 1459 2738 aelimina-

195 2766 237 2830 tis
255 2762 461 2842 tomentosis,
484 2763 592 2829 lructu
618 2765 744 2829 minuto
762 2765 900 2846 oblongo
919 2765 1030 2848 patule
1059 2762 1190 2845 hispido
1206 2763 1294 2846 jugis
1312 2760 1459 2840 tenuibus,

193 2853 290 2936 stylis
308 2849 411 2932 longis
429 2849 566 2916 deflexis
591 2861 636 2924 tt.
662 2852 702 2916 A.
723 2851 934 2918 Macedonico
952 2852 1089 2935 Sprcng.
1106 2853 1140 2916 in
1157 2851 1278 2917 Schult.
1308 2849 1388 2933 Syst
1412 2847 1458 2926 ll,

192 2963 224 3026 p.
246 2943 321 3006 tsl.
342 2975 383 2989 -
404 2940 445 3005 lc.
463 2939 564 3004 Robb.
583 2939 691 3005 Germ.
709 2942 775 3006 tah.
804 2943 896 3006 1934.
944 2988 946 2996 .
1000 2975 1004 2982 ·

228 3053 303 3107 Hah.
318 3053 349 3106 in
362 3052 548 3178 rnXestribus
568 3052 676 3107 insulae
694 3052 800 3108 lonicae
816 3052 962 3108 Leucadia
975 3053 1125 3122 (Mazziari
1139 3069 1175 3108 ex
1187 3052 1280 3108 Rchb.
1293 3051 1354 3123 fil),
1366 3049 1457 3106 ursule

191 3124 285 3180 Melos
299 3124 389 3193 Cycla
412 3139 463 3178 um
476 3123 571 3192 (herb.
585 3123 738 3194 Fauchdt),
752 3125 782 3178 in
796 3124 988 3180 Macedonis?
1001 3125 1119 3194 (Lien).

224 3221 257 3274 In
270 3219 336 3273 Bth.
351 3221 380 3274 et
392 3219 489 3276 Hook.
501 3219 574 3276 Gen.
592 3220 683 3292 plant.
705 3220 724 3290 Ι,
738 3237 765 3293 p.
779 3220 909 3276 lilibeum
919 3222 1054 3292 sequenti
1066 3221 1105 3276 ad
1117 3219 1245 3277 Seseleos
1258 3235 1351 3291 genus
1363 3218 1451 3275 relata:

191 3291 243 3346 sed
255 3291 366 3346 fructus
379 3291 501 3346 omnino
514 3293 592 3347 utin
605 3288 817 3348 Athamantbd
828 3293 908 3365 apice
922 3293 1066 3348 attenuati
1078 3297 1156 3348 sunt.

235 3537 265 3599 l.
293 3535 338 3600 A.
365 3532 675 3603 chilioseladla
695 3535 818 3621 (Boiss.
841 3540 874 3601 et
894 3535 1008 3602 Heldr.
1028 3531 1143 3620 Diagn.
1165 3534 1235 3602 Ser.
1257 3536 1299 3615 ll,
1318 3537 1347 3618 t,
1365 3555 1393 3620 p.
1408 3533 1457 3617 til

189 3629 257 3692 tota
273 3624 420 3689 breviter
445 3629 478 3689 et
505 3625 648 3707 crispulo
677 3625 1027 3706 velutino-canesoens,
1052 3628 1143 3692 caule
1175 3643 1288 3691 crasso
1307 3627 1457 3708 ungulato

189 3714 304 3780 striato
320 3731 338 3778 a
357 3712 463 3778 modio
479 3713 593 3778 crebre
608 3732 738 3781 ramoso
758 3713 1147 3797 thyrsoideo-paniculato
1167 3714 1270 3780 ramis
1287 3713 1455 3790 ramulosis
1526 3768 1527 3771 ,

188 3804 272 3868 foliis
290 3800 413 3868 ambitu
431 3802 798 3884 triangularielongatis
814 3803 1095 3884 tripinnatisectis,
1116 3803 1227 3887 petioli
1254 3801 1455 3870 divisionibus
1526 3878 1527 3881 Ἴ

189 3889 357 3971 elongatis
367 3892 543 3972 segmentis
560 3891 760 3972 petiolulatis
776 3894 809 3956 et
827 3891 1000 3958 sessilibus
1017 3893 1277 3975 ovato-oblongis
1292 3892 1360 3959 basi
1375 3897 1455 3957 trun·
1526 3890 1527 3971 j

189 3979 270 4044 catis
295 3978 347 4043 vel
373 3979 519 4044 cuneatis
547 3979 774 4045 obtusiuscule
800 3980 1050 4061 paucidentatiS,
1082 3981 1236 4048 loliorum
1262 3983 1454 4065 superiorum

189 4067 367 4150 segmentis
399 4067 511 4149 paucis
548 4065 839 4151 lineari-oblongis
871 4069 1024 4135 umbellis
1058 4069 1205 4135 breviter
1242 4068 1453 4153 pedunculatis

191 4155 442 4221 lb-lssradiatis
462 4155 743 4221 numerosissimis
763 4157 953 4223 lateralibus
973 4159 1095 4240 saepius
1111 4159 1292 4242 sterilibus,
1308 4155 1454 4224 involucri

187 4249 220 4310 et
247 4243 436 4308 involucelli
465 4243 586 4326 phyllis
618 4243 939 4311 lineari-lanceolatis
971 4247 1176 4328 tomentosis,
1205 4249 1314 4316 lructu
1342 4248 1453 4314 minuto

187 4332 326 4414 oblongo
345 4331 456 4413 patule
472 4332 602 4415 hispido
612 4333 700 4416 J'ugis
717 4331 885 4416 tenuibus,
905 4335 1001 4418 stylis
1017 4335 1122 4418 longis
1140 4335 1277 4403 dellexis
1303 4347 1346 4412 tt.

222 4439 300 4495 Hah.
312 4439 351 4495 ed
364 4455 451 4565 rupes
464 4441 592 4512 regionis
604 4441 769 4514 subalpinae
782 4446 811 4498 et
823 4443 942 4516 alpinae,
953 4459 1038 4500 mons
1049 4443 1158 4502 Olenos
1169 4446 1206 4501 ad
1219 4461 1306 4520 rupes
1317 4441 1449 4502 Katzeveli

186 4511 236 4566 alt.
249 4510 329 4565 5800‘
345 4511 403 4602 tHe
417 4510 486 4580 dri),
501 4513 611 4568 Parnes
625 4513 729 4568 Atticae
741 4513 806 4570 loco
820 4514 923 4570 Ornito
937 4515 1015 4572 dicto
1028 4519 1057 4572 et
1069 4532 1156 4572 mons
1170 4517 1280 4590 Delphi
1293 4517 1397 4574 Euboe
1407 4515 1447 4570 alt

80 4607 89 4636 s
186 4581 350 4638 4000'bbod
373 4581 511 4652 (Heldrt),
525 4598 610 4638 mous
626 4583 851 4658 drapokephala
864 4585 984 4642 OEtoliae
997 4587 1122 4657 (Samae.
1144 4591 1174 4644 et
1190 4589 1315 4659 Guiccl).
1334 4587 1375 4644 Fi.
1392 4586 1447 4641 lun.
