3324 5180
168 389 347 465 Epiloba'um.
715 404 911 447 onaeanarac.
1402 386 1458 444 rm
1559 448 1562 456 ,

165 564 226 630 Ta.
254 563 279 628 l.
307 561 535 630 ONAGREAE.
557 600 597 610 -
620 562 764 629 Fructus
792 562 975 646 capsularis
998 562 1238 630 ·a-6-1ocularis
1270 561 1453 636 dehiscens.

301 650 426 809 gerleyseis
447 653 568 721 limbus
591 651 817 736 cll-partitus.
835 687 880 701 -
897 652 1011 720 Floras
1028 653 1198 736 regulares
1223 652 1275 717 vel
1293 651 1465 784 subregue

570 977 776 1054 clltoblbll
797 979 842 1075 (L.
862 979 936 1054 Gen.
960 977 1051 1074 llll.
1084 1047 1087 1052 ,

211 1157 337 1242 (lelycis
355 1157 456 1224 lubus
477 1177 579 1242 supra
602 1158 751 1224 orarium
770 1162 826 1223 vix
844 1158 1027 1241 productus
1047 1176 1126 1228 cum,
1140 1156 1238 1225 limbo
1259 1157 1454 1240 quadripar-

163 1247 224 1314 tito
245 1247 286 1314 ad
305 1247 408 1313 orarii
433 1249 558 1331 apicem
587 1245 837 1314 circumscissus
858 1246 1026 1314 deciduus.
1060 1246 1179 1312 Petale
1199 1240 1229 1312 l.
1260 1246 1403 1312 Stamina
1421 1241 1453 1326 8,

161 1338 311 1403 antheras
329 1337 470 1402 lineares
490 1337 541 1402 vel
560 1338 716 1420 oblongae.
737 1337 850 1420 Stylus
868 1337 1041 1418 lililormis,
1062 1337 1212 1418 stigmata
1233 1337 1303 1402 lin
1321 1352 1452 1401 erucem
1533 1381 1542 1400 .

163 1428 309 1509 patentia
327 1427 379 1491 vel
397 1426 430 1492 in
450 1428 573 1492 clavam
604 1426 727 1493 coalita.
755 1425 895 1509 Capsula
923 1427 1071 1507 elongata
1100 1425 1233 1492 linearis
1260 1424 1452 1490 l-loeularis

163 1514 338 1582 loculicide
357 1516 595 1598 quadrivalvis,
616 1515 750 1582 valvisa
766 1516 916 1582 columna
936 1515 1124 1581 seminiieri
1143 1517 1311 1598 tel-ragone
1323 1514 1451 1592 solutis,

163 1603 385 1688 polysperma.
415 1604 546 1671 Semina
571 1604 781 1671 ascendentia
808 1605 900 1688 apice
921 1604 1016 1687 longe
1042 1622 1180 1670 comosa.
1199 1641 1241 1651 -·
1259 1601 1378 1667 Herbe
1394 1621 1451 1686 pe·

125 1719 129 1728 ,
164 1711 298 1768 rennes,
314 1693 401 1760 foliis
424 1695 561 1760 alternis
585 1695 637 1760 vel
663 1695 832 1778 oppositis,
860 1693 1000 1760 lloribus
1028 1692 1160 1776 spientis
1189 1693 1242 1758 vel
1263 1693 1452 1770 racemosiS,

164 1783 214 1868 (in
232 1782 374 1869 nostris]
392 1785 507 1849 roseis.
667 1776 678 1788 ⁸
1254 1794 1259 1804 ’

165 2042 258 2112 Scor.
289 2043 314 2110 1.
341 2043 584 2112 Cnaununaron
626 2045 767 2111 Tanscb.
796 2081 837 2092 -
862 2041 995 2110 Rodicia
1014 2042 1091 2108 ocia
1117 2043 1273 2126 peraccis
1303 2044 1452 2110 luriocea

389 2152 564 2216 cccccccccc
588 2133 715 2200 soleatos
736 2133 843 2199 edoce.
866 2131 961 2198 Folia
979 2131 1091 2197 coartio
1109 2151 1239 2214 spureo.
1261 2130 1377 2198 Florae
1396 2151 1452 2198 cc-

384 2223 524 2310 plocott.
545 2221 674 2306 Gulgcts
691 2221 790 2288 iubata
806 2241 911 2305 cupro
927 2221 1082 2297 coaciam
1093 2221 1281 2288 saccellos.
1300 2221 1453 2288 Stomtco

391 2311 515 2395 casiaco
535 2311 709 2377 declitante.

211 2493 238 2555 l.
264 2490 306 2556 Ε.
333 2488 559 2573 spicatum
589 2485 682 2572 (Lam
731 2489 812 2554 Dict.
849 2486 889 2566 ll,
921 2506 953 2569 p.
987 2487 1065 2574 373)
1095 2488 1272 2553 rbicomalc
1304 2485 1450 2552 stolones

160 2581 277 2662 longos
296 2582 451 2661 repentes
479 2578 607 2655 edente,
630 2577 721 2643 ceule
744 2577 837 2658 elato,
857 2577 941 2642 loliis
962 2577 1149 2642 lanceolatis
1166 2574 1303 2657 integris
1325 2576 1375 2639 vel
1395 2574 1452 2638 ob-

163 2671 267 2735 solete
284 2665 670 2752 glanduloso-serrulatis
682 2666 824 2742 cariosis,
836 2683 963 2732 racemo
978 2665 1143 2731 terminali
1155 2665 1304 2747 elongato
1319 2681 1383 2728 non
1398 2665 1451 2728 vel

160 2759 232 2824 bosi
257 2761 385 2822 tantum
417 2755 534 2836 foliato,
566 2755 684 2838 petalis
705 2755 852 2821 obovatis
879 2755 1025 2820 breviter
1048 2754 1280 2836 unguiculatis,
1301 2753 1449 2820 authoris

160 2845 322 2928 oblongis,
341 2844 426 2928 stylo
447 2862 548 2927 supra
572 2843 666 2910 basin
693 2843 844 2910 villosulo
864 2843 1023 2910 declinato
1043 2843 1183 2909 stamina
1204 2843 1452 2925 subsuperante

170 2942 213 3006 ll.
233 2934 272 3000 Ε.
293 2931 553 3015 ccpclstifoltum
573 2933 608 2997 L.
630 2931 684 3016 Sp.
703 2934 769 2998 493
786 2950 827 2998 ex
844 2936 947 3016 parte.
1126 2943 1132 2951 '

196 3045 273 3102 Hab.
286 3045 318 3100 in
330 3043 514 3116 rupeslribns
540 3043 689 3098 umbrosis
707 3045 737 3099 et
755 3042 910 3114 sylvaticis
937 3041 1067 3112 regionis
1089 3041 1257 3113 subalpinae
1280 3045 1310 3098 et
1330 3042 1450 3114 alpinae,

159 3117 277 3173 Graecia
301 3115 431 3172 borealis
456 3114 487 3169 in
513 3114 643 3196 Olympo
667 3114 815 3170 Thessalo
839 3113 971 3183 (Holdrl)
1005 3113 1145 3168 Anatolio
1173 3113 1235 3168 bor.
1260 3113 1290 3168 in
1317 3112 1448 3185 Olympo

159 3187 293 3258 Bithyno
306 3185 418 3257 (Sibthl
442 3185 541 3264 Auchl
562 3184 684 3254 Borssl),
698 3185 728 3240 in
741 3185 856 3257 Paphla
878 3186 945 3240 onia
958 3156 1090 3254 (bviam),
1102 3184 1209 3240 Tmolo
1223 3185 1326 3256 Lydiae
1342 3184 1449 3255 (Ball),

159 3259 302 3315 Armenia
313 3261 342 3314 et
356 3257 450 3313 Ponto
464 3257 568 3313 hazica
581 3257 631 3312 alt.
644 3255 723 3312 6000'
738 3255 820 3326 (Ball
889 3297 894 3308 .
916 3255 1007 3324 3671),
1020 3258 1128 3326 Argaeo
1150 3258 1179 3310 et
1198 3261 1298 3310 monte
1317 3255 1449 3311 Acamas

158 3329 333 3386 occo-mcc
347 3327 466 3398 (Heldrl
478 3327 570 3398 Ball),
585 3327 684 3382 Tauro
696 3326 815 3382 Cilicico
833 3271 907 3397 (Κζνι
921 3327 1012 3398 Ball),
1031 3325 1145 3383 Libano
1164 3341 1255 3398 supra
1268 3325 1351 3382 Eden
1364 3326 1414 3396 (Bl
1420 3328 1449 3398 l),

159 3401 271 3457 Tauria
284 3405 313 3456 el
325 3415 408 3472 prov.
422 3398 473 3456 Cis
486 3401 515 3455 et
528 3398 784 3455 Transcaueasicis
796 3397 938 3468 (Ledeb),
949 3397 1084 3463 Caucaso
1098 3397 1236 3455 orientali
1248 3398 1280 3454 in
1293 3397 1449 3454 Salalevia

158 3471 232 3529 3600
253 3471 425 3542 (Owerinl),

195 3523 244 3622 Ar.¹
263 3565 364 3692 (iacgr.
378 3565 497 3637 Europa
510 3567 608 3622 omnis
621 3543 659 3620 ab
673 3565 783 3636 Anglii
798 3566 826 3622 et
838 3563 1043 3635 Scandinavia,
1061 3565 1172 3622 Sibirie
1191 3566 1298 3635 omnis,
1314 3565 1451 3621 Amerina

159 3639 270 3712 erotica
283 3643 312 3693 el
345 3637 461 3693 o'realis,

202 3867 231 3930 ἓ.
257 3863 300 3929 E.
321 3859 537 3929 Dodonaei
563 3861 653 3948 (Vill.
682 3861 798 3944 Prosp.
822 3881 853 3944 p.
879 3861 937 3945 lb)
958 3859 1136 3928 rbizomate
1162 3863 1309 3928 stolones
1328 3861 1448 3928 breves

88 4035 92 4042 y
158 3971 290 4021 crassos
309 3951 438 4030 edente,
451 3951 536 4018 loliis
554 3950 734 4016 linearibus
747 3951 903 4034 utrinque
916 3949 1095 4016 attenuatis
1110 3950 1312 4034 subintegris
1324 3950 1448 4032 glabris

155 4043 208 4109 vel
226 4041 373 4109 breviter
392 4040 662 4122 pubescentibus,
683 4041 820 4106 racemis
836 4038 1064 4105 terminalibus
1089 4038 1289 4106 abbreviatis
1308 4039 1448 4114 foliosis,

153 4133 273 4216 petalis
298 4127 470 4195 sessilibus
496 4127 803 4212 elliptico-oblongis
829 4127 900 4194 basi
927 4128 1118 4209 attenuatis,
1144 4129 1292 4195 antheris
1331 4127 1448 4210 oratis,

152 4222 240 4305 stylo
257 4218 327 4286 basi
346 4218 546 4302 pubescente
562 4218 702 4285 stamina
717 4221 867 4300 mouente
891 4216 1034 4299 denique
1059 4222 1233 4282 recurvato
1256 4223 1284 4287 ll
1312 4216 1351 4282 E.
1370 4234 1444 4282 roa-

152 4306 405 4389 cmrlctsoliom
428 4306 541 4372 llaenlr.
561 4310 595 4372 in
620 4305 710 4390 Jaeq.
740 4301 818 4372 (loll.
846 4305 888 4384 ΙΙ,
915 4324 945 4388 p.
975 4307 1027 4370 50.
1047 4341 1090 4352 -
1110 4303 1149 4372 Ε.
1166 4305 1446 4388 augustissimum

152 4399 220 4466 Ait.
238 4399 320 4464 Kew
340 4396 393 4476 IV,
414 4397 489 4462 345.
511 4433 553 4443 -
573 4395 611 4461 Ε.
633 4393 895 4477 ccgustlfollum
912 4393 947 4458 L.
965 4411 1006 4460 er
1022 4400 1126 4477 parte.

189 4509 267 4564 Hah.
287 4509 318 4563 in
341 4507 484 4578 glareosis
506 4505 674 4579 subalpinis
696 4507 724 4561 at
745 4505 865 4577 alpinis,
887 4519 974 4560 mons
997 4504 1091 4560 Athos
1115 4504 1297 4561 Macedoniae
1320 4505 1450 4576 (brist),

152 4578 304 4653 Olympus
321 4578 470 4650 Bithynus
490 4577 596 4647 (Auch.
618 4575 725 4647 28350,
747 4577 889 4632 Armenia
907 4591 999 4648 prope
1017 4575 1158 4634 limarum
1180 4575 1269 4647 (Calv
1278 4580 1308 4648 l),
1329 4577 1444 4634 Pontus
