3290 5176
156 320 352 395 Amypclolcs.
475 307 484 330 “
724 336 875 379 eoeneum.
1382 321 1441 380 615

154 449 295 528 anguste
314 447 502 513 lanceolatis
521 448 626 514 acutis
644 447 821 514 crenulatis
839 445 911 512 basi
924 444 1101 513 attenuatis
1116 445 1301 526 sessilibus,
1318 445 1436 528 calycis

155 534 235 600 tubo
253 535 378 602 laciniis
395 536 676 620 lineari-oblongis
695 535 822 602 obtusis
842 535 959 602 ciliatis
976 535 1102 618 3-d-plo
1119 535 1273 616 longiori,
1290 534 1438 601 stamini·

154 621 219 689 bus
239 625 308 690 iere
326 626 378 704 15,
398 627 438 690 to
457 623 543 715 fauni
559 626 694 692 insertis
717 626 911 708 plerumque
921 624 1062 690 exsertis
1082 626 1101 688 5
1116 623 1221 690 medio
1236 623 1315 690 tubo
1333 623 1437 690 iuclu-

153 711 213 792 sis,
233 712 339 796 drnpi
355 712 667 796 ovato-subglobosd
685 713 1032 781 canescenti-velotius
1045 712 1101 777 vix
1117 715 1317 794 compresse,
1337 716 1437 794 puta-

154 799 500 956 fflisslegsgssbffficu¹at⁰
528 803 675 870 casinate
700 821 765 870 non
790 802 982 868 foraminato
1004 807 1033 880 5.
1063 799 1158 868 laub.
1179 805 1212 866 et
1231 799 1286 884 Sp.
1305 801 1353 866 lll.
1379 800 1435 866 Or.

190 999 269 1056 Heb.
282 1001 314 1056 in
326 1003 479 1058 montibus
491 1003 602 1059 Persice
616 1001 757 1060 australis
769 1001 808 1058 ad
820 1001 967 1059 Perezend
982 1002 1087 1072 (Auch.
1097 1017 1158 1058 ens
1171 999 1262 1070 4470).
1278 1000 1346 1058 Non
1364 1000 1436 1057 vidi.

190 1097 276 1154 Folia
286 1098 354 1155 ste
366 1099 461 1156 lineas
475 1101 566 1171 longa
579 1101 601 1170 ¹l
614 1101 768 1171 -1¹s2lata.
831 1095 835 1105 ’

199 1195 234 1279 β.
258 1196 403 1263 Rooteri.
421 1235 460 1246 -
472 1197 562 1266 Folia
578 1200 766 1282 angustiora
785 1198 841 1264 vix
856 1199 976 1263 lincam
998 1197 1063 1263 lata
1089 1214 1175 1282 saepe
1194 1199 1439 1282 sesquipollica-

154 1284 216 1365 rie,
233 1283 339 1369 drnpa
355 1289 450 1354 ovata
462 1288 515 1353 vel
528 1287 786 1382 ovato-oblonga.
797 1325 839 1336 -
854 1288 882 1352 A
896 1285 1031 1352 Bouiani
1044 1286 1149 1353 Boiss.
1161 1291 1195 1354 et
1207 1287 1319 1355 Bubse
1341 1286 1436 1354 Auia.
1549 1293 1556 1303 “

155 1392 187 1457 p.
212 1375 263 1438 79.

190 1484 268 1540 Hah.
283 1485 313 1540 iu
326 1487 477 1544 montibus
486 1487 595 1543 Persiae
609 1445 736 1544 borealis
750 1503 803 1560 pro
825 1487 975 1544 elludbar
987 1490 1016 1542 et
1028 1486 1165 1558 Darngm
1178 1486 1328 1558 (Buhsel),
1346 1503 1437 1561 prope

154 1555 304 1625 Shahrud,
317 1555 447 1613 Kermen
460 1562 489 1614 et
501 1559 651 1614 Chabbise
664 1563 693 1614 et
705 1560 780 1615 inter
810 1559 863 1614 ead
876 1562 904 1615 et
916 1558 1043 1630 Ispahan
1058 1558 1132 1630 (Bge
1140 1561 1168 1629 l).

190 1653 296 1709 Affinis
309 1653 346 1708 A.
360 1653 485 1727 lycroicli,
497 1655 570 1712 lolia
581 1655 746 1712 obsoletius
758 1655 877 1712 dentma
892 1659 922 1712 et
933 1656 1062 1712 stamina
1072 1657 1138 1712 tubi
1150 1671 1210 1712 non
1222 1657 1346 1712 exserta.

205 1893 254 1958 15.
280 1892 328 1959 Α.
350 1849 672 1975 spinosissimas
688 1855 818 1975 (Buuge
836 1889 878 1972 pl.
895 1888 1007 1954 Lehm.
1021 1907 1051 1970 p.
1065 1886 1144 1972 183)
1161 1887 1317 1954 fruticosa
1333 1845 1440 1953 ramo-

156 1981 289 2048 sissima
309 1981 414 2046 ramis
434 1979 547 2062 rigidis
565 1979 657 2062 apice
670 1979 823 2062 spinosis,
843 1978 962 2044 cortice
980 1974 1221 2061 griseo-albida,
1237 1977 1322 2042 loliis
1338 1976 1440 2042 linea·

158 2069 354 2152 riomongis
368 2070 423 2134 vel
442 2069 639 2152 spathulatis
659 2067 1039 2151 glandulososerrulatis
1058 2065 1092 2130 iu
1109 2065 1265 2148 petiolum
1282 2065 1439 2131 brevissi·
1541 2089 1550 2110 ·

157 2177 249 2224 mum
274 2158 451 2225 attenuatis
472 2175 575 2241 supra
591 2155 714 2240 glabris
734 2157 853 2223 subtus
871 2156 1063 2239 parcissime
1081 2153 1178 2220 hirtis
1199 2155 1252 2219 vel
1271 2153 1455 2236 glabratis,·

158 2246 298 2314 floribus
307 2293 424 2329 ......
453 2246 561 2330 drupd
579 2246 725 2312 breviter
753 2245 937 2312 canescenti
961 2244 1140 2310 semioratt
1166 2261 1231 2308 non
1251 2243 1440 2325 compresse

158 2341 276 2403 ventre
292 2339 428 2403 arcuati
445 2337 511 2402 late
531 2336 686 2411 carinate,
706 2335 874 2418 putamine
892 2334 966 2400 laevi
985 2351 1052 2399 non
1066 2330 1258 2397 foraminato
1271 2340 1298 2406 5.

192 2447 270 2504 Hab.
283 2449 314 2504 in
326 2447 511 2520 rupestribus
522 2425 673 2502 sterilibus
683 2444 774 2500 vallis
787 2445 945 2518 superioris
956 2443 1131 2500 Saralschen
1142 2444 1171 2498 et
1183 2441 1292 2497 montis
1305 2441 1438 2496 Kerateu

156 2518 564 2664 gffiggsblaetsieieieffilbrgleqjm
579 2517 681 2572 Persia
692 2516 904 2573 bon-orientali
921 2517 997 2573 iuter
1009 2513 1163 2570 Schebrud
1187 2517 1215 2568 ct
1227 2513 1396 2584 Niscbapur
1410 2515 1440 2569 et

191 2686 281 2743 Folia
292 2686 341 2742 os
354 2687 450 2742 lineas
462 2685 560 2755 longa,
573 2683 668 2756 drupa
683 2682 731 2738 st
748 2680 842 2738 lineus
861 2681 911 2738 lon
934 2697 951 2736 a
970 2685 1028 2737 tres
1041 2679 1111 2736 late.
1130 2680 1245 2754 Species
1267 2679 1438 2752 imperfecte

157 2763 230 2814 nota
241 2775 259 2814 a
271 2757 511 2830 praecedentibus
524 2754 641 2810 duabus
651 2753 730 2811 loliis
743 2753 900 2810 latioribus
935 2752 941 2764 '
960 2767 1090 2824 crepans.

205 2998 255 3064 16.
284 2995 327 3064 A.
346 2991 581 3075 Brahuica,
593 2991 750 3058 fruticosa
768 2990 945 3056 intricatirn
957 2989 1190 3070 carnosissimo,
1204 2989 1305 3055 ramis
1319 2985 1439 3052 crassis

158 3083 476 3153 ramulisbrevibus
499 3081 654 3164 spinosis,
670 3080 789 3146 cortice
801 3078 1045 3162 griseo-albida,
1064 3079 1148 3145 loliis
1177 3077 1325 3159 oblongis
1347 3074 1441 3141 obtu-

157 3175 290 3242 sissime
323 3168 709 3256 glandulosocrenulatis
750 3169 820 3234 basi
850 3167 1025 3233 attenuatis
1063 3166 1302 3233 subsessilibus
1337 3163 1443 3229 utriu-

158 3283 224 3348 que
242 3261 417 3348 puberulis
438 3275 651 3342 supernoque
670 3258 733 3324 sub
753 3258 841 3323 lente
860 3257 1010 3322 elevatim
1025 3256 1221 3336 reticulatis,
1242 3253 1381 3319 floribus
1401 3249 1443 3317 ad

157 3353 364 3419 ramulorum
380 3347 507 3432 apicem
526 3346 680 3413 confertis
699 3347 884 3425 sessilibus,
900 3345 1018 3428 calycis
1030 3345 1135 3428 glabri
1150 3343 1276 3410 laciniis
1292 3341 1440 3424 oblongis

157 3441 285 3508 obtusis
303 3439 457 3506 ciliatulis
474 3438 554 3503 tubo
571 3435 755 3519 quadruplo
779 3434 999 3514 brevioribus,
1015 3433 1210 3499 staminibus
1229 3433 1298 3497 lere
1326 3431 1378 3512 15,
1401 3430 1442 3494 10

158 3529 243 3598 sauci
260 3529 399 3596 insertis
419 3525 562 3593 exsertis
582 3524 720 3608 reliquis
733 3522 881 3604 inclusiS,
894 3523 1005 3588 orario
1017 3525 1211 3598 tomentoso,
1224 3521 1347 3604 drupd.
1361 3565 1370 3582 .
1385 3567 1393 3582 .
1411 3527 1440 3592 5.

160 3640 271 3766 FlIllab.
290 3640 322 3694 in
336 3636 488 3694 montibus
500 3635 627 3690 Hurbab
645 3639 674 3690 et
693 3634 806 3691 Chehel
825 3631 1001 3690 Belutschiae
1015 3631 1063 3688 alt.
1076 3630 1266 3688 7000'-10000·
1280 3628 1439 3700 (Stocksl).

196 3754 202 3766 .
232 3727 282 3766 un.

193 3804 345 3860 Suffrutex
358 3805 392 3858 ut
403 3802 520 3858 videtur
533 3801 656 3857 humilis
669 3802 743 3857 inter
755 3770 858 3858 affines
868 3799 958 3856 ramis
976 3799 1178 3863 crassissimis,
1192 3796 1319 3872 ramulis
1329 3795 1442 3853 confer-

157 3871 1016 4016 ἶ1310401131ξῖἓὲιΙιέξῐιιεΒὲψιὶὶιιιε000000100010010110ι110110011ιε;
1029 3869 1199 3942 foliapaulo
1222 3871 1291 3942 posi
1301 3867 1442 3924 enthesin

207 4167 259 4232 17.
285 4165 329 4234 A.
350 4165 549 4233 eburnea
564 4165 687 4252 (Spach
712 4164 772 4230 loc.
803 4165 855 4232 cit.
882 4185 914 4250 p.
937 4165 1015 4250 113)
1038 4165 1208 4244 fruticosa,
1231 4159 1443 4246 paniculatim

159 4255 395 4337 ramosissima,
413 4254 549 4320 ramulis
570 4253 727 4321 brevibus
747 4255 838 4338 apice
850 4254 995 4339 spinosis
1015 4254 1194 4337 spinasque
1210 4252 1363 4318 laterales
1380 4267 1443 4315 nu·

159 4361 308 4410 merosus
327 4348 445 4410 tenues
460 4343 645 4423 edentibus,
661 4343 780 4409 cortice
799 4343 906 4410 albidi
924 4343 1036 4426 nitidi,
1064 4342 1149 4409 loliis
1174 4342 1298 4424 glaucis
1318 4337 1441 4423 glabris

158 4431 510 4515 spathulatooblongis
528 4433 657 4498 obtusis
684 4435 809 4498 remote
832 4433 1010 4500 crenulatis
1029 4431 1100 4498 bosi
1126 4431 1293 4497 attenuati
1317 4425 1442 4495 sessili-

160 4519 235 4604 bus,
254 4520 373 4605 calycis
387 4521 447 4589 toti
461 4521 539 4587 hirii
555 4521 681 4587 laciniis
701 4521 848 4604 oblongis
866 4521 993 4588 obtusis
1011 4520 1091 4589 tubo
1109 4519 1294 4605 quadruplo
1308 4517 1442 4584 brevio·
