<?xml version="1.0" encoding="UTF-8"?>
<!DOCTYPE html PUBLIC "-//W3C//DTD XHTML 1.0 Transitional//EN"
    "http://www.w3.org/TR/xhtml1/DTD/xhtml1-transitional.dtd">
<html xmlns="http://www.w3.org/1999/xhtml" xml:lang="en" lang="en">
 <head>
  <title>
</title>
<meta http-equiv="Content-Type" content="text/html;charset=utf-8" />
  <meta name='ocr-system' content='tesseract 3.04.00' />
  <meta name='ocr-capabilities' content='ocr_page ocr_carea ocr_par ocr_line ocrx_word'/>
</head>
<body>
  <div class='ocr_page' id='page_1' title='image "./floraorientalis01boisgoog_0846.png"; bbox 0 0 3274 5182; ppageno 0'>
   <div class='ocr_carea' id='block_1_1' title="bbox 270 338 1537 415">
    <p class='ocr_par' dir='ltr' id='par_1_1' title="bbox 270 338 1537 415">
     <span class='ocr_line' id='line_1_1' title="bbox 270 338 1537 415; baseline 0.003 -19"><span class='ocrx_word' id='word_1_1' title='bbox 270 338 325 396; x_wconf 77' lang='lat'><strong>826</strong></span> <span class='ocrx_word' id='word_1_2' title='bbox 803 353 1035 398; x_wconf 71' lang='lat' dir='ltr'><strong>uusauursnam.</strong></span> <span class='ocrx_word' id='word_1_3' title='bbox 1379 339 1537 415; x_wconf 64' lang='lat' dir='ltr'><strong>Emptum</strong></span> 
     </span>
    </p>
   </div>
   <div class='ocr_carea' id='block_1_2' title="bbox 273 461 1540 606">
    <p class='ocr_par' dir='ltr' id='par_1_2' title="bbox 273 461 1540 606">
     <span class='ocr_line' id='line_1_2' title="bbox 273 461 1540 590; baseline 0.004 -73"><span class='ocrx_word' id='word_1_4' title='bbox 273 461 406 545; x_wconf 57' lang='lat' dir='ltr'><strong>&#39;tahath</strong></span> <span class='ocrx_word' id='word_1_5' title='bbox 420 461 571 590; x_wconf 49' lang='grc' dir='ltr'><em>(ΙΙοΙΙθηὲ,</em></span> <span class='ocrx_word' id='word_1_6' title='bbox 593 463 633 518; x_wconf 80' lang='lat' dir='ltr'><strong>in¹</strong></span> <span class='ocrx_word' id='word_1_7' title='bbox 642 465 786 522; x_wconf 78' lang='lat' dir='ltr'><strong>montosis</strong></span> <span class='ocrx_word' id='word_1_8' title='bbox 803 464 842 520; x_wconf 89' lang='lat' dir='ltr'><strong>ad</strong></span> <span class='ocrx_word' id='word_1_9' title='bbox 863 463 1058 520; x_wconf 87' lang='lat' dir='ltr'><strong>Nemedabad</strong></span> <span class='ocrx_word' id='word_1_10' title='bbox 1071 479 1161 537; x_wconf 84' lang='lat' dir='ltr'>prope</span> <span class='ocrx_word' id='word_1_11' title='bbox 1174 463 1281 521; x_wconf 84' lang='lat' dir='ltr'><strong>Tabris</strong></span> <span class='ocrx_word' id='word_1_12' title='bbox 1294 464 1325 520; x_wconf 90' lang='lat' dir='ltr'><strong>in</strong></span> <span class='ocrx_word' id='word_1_13' title='bbox 1339 463 1446 520; x_wconf 82' lang='lat' dir='ltr'>ditione</span> <span class='ocrx_word' id='word_1_14' title='bbox 1461 465 1540 522; x_wconf 80' lang='lat' dir='ltr'><strong>Ader-</strong></span> 
     </span>
     <span class='ocr_line' id='line_1_3' title="bbox 274 533 631 606; baseline 0 -16"><span class='ocrx_word' id='word_1_15' title='bbox 274 533 377 605; x_wconf 85' lang='lat' dir='ltr'><strong>brdjnn</strong></span> <span class='ocrx_word' id='word_1_16' title='bbox 390 533 518 602; x_wconf 85' lang='lat' dir='ltr'><strong>(Bnhset</strong></span> <span class='ocrx_word' id='word_1_17' title='bbox 561 538 631 606; x_wconf 85' lang='lat' dir='ltr'><strong>gel).</strong></span> 
     </span>
    </p>
   </div>
   <div class='ocr_carea' id='block_1_3' title="bbox 272 629 1539 989">
    <p class='ocr_par' dir='ltr' id='par_1_3' title="bbox 272 629 1539 989">
     <span class='ocr_line' id='line_1_4' title="bbox 308 629 1538 714; baseline 0.001 -28"><span class='ocrx_word' id='word_1_18' title='bbox 308 630 328 686; x_wconf 92' lang='lat' dir='ltr'>S</span> <span class='ocrx_word' id='word_1_19' title='bbox 351 630 425 686; x_wconf 88' lang='lat' dir='ltr'><strong>ecies</strong></span> <span class='ocrx_word' id='word_1_20' title='bbox 439 631 510 687; x_wconf 80' lang='lat' dir='ltr'><strong>facie</strong></span> <span class='ocrx_word' id='word_1_21' title='bbox 524 634 553 686; x_wconf 87' lang='lat' dir='ltr'><strong>et</strong></span> <span class='ocrx_word' id='word_1_22' title='bbox 567 629 783 686; x_wconf 80' lang='lat' dir='ltr'><strong>characteribus</strong></span> <span class='ocrx_word' id='word_1_23' title='bbox 800 631 896 686; x_wconf 86' lang='lat' dir='ltr'><strong>affinis</strong></span> <span class='ocrx_word' id='word_1_24' title='bbox 914 629 948 685; x_wconf 94' lang='grc' dir='ltr'><strong>Ε.</strong></span> <span class='ocrx_word' id='word_1_25' title='bbox 964 629 1116 714; x_wconf 65' lang='lat' dir='ltr'><strong>Bourqatr&#39;</strong></span> <span class='ocrx_word' id='word_1_26' title='bbox 1135 631 1214 686; x_wconf 85' lang='lat' dir='ltr'><strong>foliis</strong></span> <span class='ocrx_word' id='word_1_27' title='bbox 1234 631 1323 686; x_wconf 88' lang='lat' dir='ltr'><strong>etiam</strong></span> <span class='ocrx_word' id='word_1_28' title='bbox 1343 631 1463 686; x_wconf 75' lang='lat' dir='ltr'><strong>mininis</strong></span> <span class='ocrx_word' id='word_1_29' title='bbox 1483 647 1538 704; x_wconf 82' lang='lat' dir='ltr'><strong>pro</strong></span> 
     </span>
     <span class='ocr_line' id='line_1_5' title="bbox 273 647 1538 786; baseline 0 -28"><span class='ocrx_word' id='word_1_30' title='bbox 273 647 364 758; x_wconf 54' lang='lat' dir='ltr'><strong>fungo</strong></span> <span class='ocrx_word' id='word_1_31' title='bbox 377 701 619 775; x_wconf 79' lang='lat' dir='ltr'><strong>pinnatipartitiS‚</strong></span> <span class='ocrx_word' id='word_1_32' title='bbox 632 701 746 786; x_wconf 83' lang='lat' dir='ltr'><strong>phyllis</strong></span> <span class='ocrx_word' id='word_1_33' title='bbox 759 701 852 772; x_wconf 80' lang='lat' dir='ltr'><strong>ill-12,</strong></span> <span class='ocrx_word' id='word_1_34' title='bbox 865 701 974 774; x_wconf 87' lang='lat' dir='ltr'><strong>calyois</strong></span> <span class='ocrx_word' id='word_1_35' title='bbox 988 701 1110 774; x_wconf 75' lang='lat' dir='ltr'><strong>papillis</strong></span> <span class='ocrx_word' id='word_1_36' title='bbox 1124 702 1247 772; x_wconf 87' lang='lat' dir='ltr'><strong>obtusis,</strong></span> <span class='ocrx_word' id='word_1_37' title='bbox 1260 707 1323 772; x_wconf 84' lang='lat' dir='ltr'><strong>etc,</strong></span> <span class='ocrx_word' id='word_1_38' title='bbox 1339 701 1480 758; x_wconf 89' lang='lat' dir='ltr'><strong>distincto.</strong></span> <span class='ocrx_word' id='word_1_39' title='bbox 1493 703 1538 758; x_wconf 75' lang='lat' dir='ltr'><strong>Va·</strong></span> 
     </span>
     <span class='ocr_line' id='line_1_6' title="bbox 272 770 1537 847; baseline 0 -17"><span class='ocrx_word' id='word_1_40' title='bbox 272 775 392 830; x_wconf 87' lang='lat' dir='ltr'><strong>rietates</strong></span> <span class='ocrx_word' id='word_1_41' title='bbox 406 773 543 828; x_wconf 69' lang='lat' dir='ltr'><strong>indicatae</strong></span> <span class='ocrx_word' id='word_1_42' title='bbox 555 770 658 828; x_wconf 80' lang='lat' dir='ltr'><strong>formis</strong></span> <span class='ocrx_word' id='word_1_43' title='bbox 671 773 854 828; x_wconf 81' lang='lat' dir='ltr'><strong>intermediis</strong></span> <span class='ocrx_word' id='word_1_44' title='bbox 867 777 1081 829; x_wconf 89' lang='lat' dir='ltr'><strong>connectuntur</strong></span> <span class='ocrx_word' id='word_1_45' title='bbox 1095 778 1124 828; x_wconf 89' lang='lat' dir='ltr'><strong>et</strong></span> <span class='ocrx_word' id='word_1_46' title='bbox 1139 774 1170 828; x_wconf 91' lang='lat' dir='ltr'><strong>in</strong></span> <span class='ocrx_word' id='word_1_47' title='bbox 1184 773 1333 842; x_wconf 74' lang='lat' dir='ltr'><strong>omnibuS,</strong></span> <span class='ocrx_word' id='word_1_48' title='bbox 1349 775 1381 828; x_wconf 91' lang='lat' dir='ltr'><strong>in</strong></span> <span class='ocrx_word' id='word_1_49' title='bbox 1393 790 1452 830; x_wconf 90' lang='lat' dir='ltr'><strong>var.</strong></span> <span class='ocrx_word' id='word_1_50' title='bbox 1464 772 1480 847; x_wconf 80' lang='grc' dir='ltr'>β</span> <span class='ocrx_word' id='word_1_51' title='bbox 1491 774 1537 830; x_wconf 80' lang='lat' dir='ltr'><strong>ire</strong></span> 
     </span>
     <span class='ocr_line' id='line_1_7' title="bbox 272 843 1539 918; baseline 0 -18"><span class='ocrx_word' id='word_1_52' title='bbox 272 844 420 918; x_wconf 78' lang='lat' dir='ltr'><strong>quantine,</strong></span> <span class='ocrx_word' id='word_1_53' title='bbox 434 844 583 900; x_wconf 86' lang='lat' dir='ltr'><strong>interdum</strong></span> <span class='ocrx_word' id='word_1_54' title='bbox 597 843 682 915; x_wconf 90' lang='lat' dir='ltr'><strong>palea</strong></span> <span class='ocrx_word' id='word_1_55' title='bbox 705 843 797 900; x_wconf 89' lang='lat' dir='ltr'><strong>altera</strong></span> <span class='ocrx_word' id='word_1_56' title='bbox 815 845 943 900; x_wconf 82' lang='lat' dir='ltr'><strong>exterior</strong></span> <span class='ocrx_word' id='word_1_57' title='bbox 957 844 1044 900; x_wconf 90' lang='lat' dir='ltr'><strong>dente</strong></span> <span class='ocrx_word' id='word_1_58' title='bbox 1057 847 1144 900; x_wconf 87' lang='lat' dir='ltr'><strong>aucta</strong></span> <span class='ocrx_word' id='word_1_59' title='bbox 1157 845 1334 901; x_wconf 87' lang='lat' dir='ltr'><strong>observatur</strong></span> <span class='ocrx_word' id='word_1_60' title='bbox 1345 846 1497 902; x_wconf 83' lang='lat' dir='ltr'><strong>transitum</strong></span> <span class='ocrx_word' id='word_1_61' title='bbox 1507 843 1539 900; x_wconf 84' lang='lat' dir='ltr'><strong>ad</strong></span> 
     </span>
     <span class='ocr_line' id='line_1_8' title="bbox 272 915 1359 989; baseline -0.003 -17"><span class='ocrx_word' id='word_1_62' title='bbox 272 917 385 989; x_wconf 91' lang='lat' dir='ltr'><strong>species</strong></span> <span class='ocrx_word' id='word_1_63' title='bbox 399 915 494 988; x_wconf 88' lang='lat' dir='ltr'><strong>paleis</strong></span> <span class='ocrx_word' id='word_1_64' title='bbox 507 915 708 988; x_wconf 85' lang='lat' dir='ltr'><strong>tricuspidatis</strong></span> <span class='ocrx_word' id='word_1_65' title='bbox 722 915 847 972; x_wconf 88' lang='lat' dir='ltr'><strong>donatas</strong></span> <span class='ocrx_word' id='word_1_66' title='bbox 860 915 1002 988; x_wconf 89' lang='lat' dir='ltr'><strong>praebens.</strong></span> <span class='ocrx_word' id='word_1_67' title='bbox 1353 943 1359 954; x_wconf 94' lang='lat'>·</span> 
     </span>
    </p>
   </div>
   <div class='ocr_carea' id='block_1_4' title="bbox 273 1111 1604 1732">
    <p class='ocr_par' dir='ltr' id='par_1_4' title="bbox 273 1111 1604 1732">
     <span class='ocr_line' id='line_1_9' title="bbox 321 1111 1542 1201; baseline 0.001 -20"><span class='ocrx_word' id='word_1_68' title='bbox 321 1117 371 1182; x_wconf 79' lang='lat' dir='ltr'><strong>ll.</strong></span> <span class='ocrx_word' id='word_1_69' title='bbox 399 1117 441 1182; x_wconf 86' lang='lat' dir='ltr'><strong>E.</strong></span> <span class='ocrx_word' id='word_1_70' title='bbox 466 1111 741 1183; x_wconf 85' lang='lat' dir='ltr'><strong>Heldretchil</strong></span> <span class='ocrx_word' id='word_1_71' title='bbox 760 1116 881 1201; x_wconf 79' lang='lat' dir='ltr'><strong>(Boias</strong></span> <span class='ocrx_word' id='word_1_72' title='bbox 903 1115 1017 1200; x_wconf 88' lang='lat' dir='ltr'><strong>Diagn.</strong></span> <span class='ocrx_word' id='word_1_73' title='bbox 1049 1113 1120 1182; x_wconf 89' lang='lat' dir='ltr'><strong>Ser.</strong></span> <span class='ocrx_word' id='word_1_74' title='bbox 1150 1115 1175 1198; x_wconf 88' lang='lat' dir='ltr'><strong>i,</strong></span> <span class='ocrx_word' id='word_1_75' title='bbox 1208 1118 1258 1196; x_wconf 80' lang='lat'><strong>10,</strong></span> <span class='ocrx_word' id='word_1_76' title='bbox 1288 1135 1318 1199; x_wconf 93' lang='lat' dir='ltr'><strong>p.</strong></span> <span class='ocrx_word' id='word_1_77' title='bbox 1351 1115 1409 1198; x_wconf 77' lang='lat' dir='ltr'><strong>ao)</strong></span> <span class='ocrx_word' id='word_1_78' title='bbox 1437 1116 1542 1199; x_wconf 87' lang='lat' dir='ltr'><strong>pallide</strong></span> 
     </span>
     <span class='ocr_line' id='line_1_10' title="bbox 273 1203 1544 1289; baseline 0.002 -17"><span class='ocrx_word' id='word_1_79' title='bbox 273 1207 387 1272; x_wconf 88' lang='lat' dir='ltr'><strong>virens</strong></span> <span class='ocrx_word' id='word_1_80' title='bbox 415 1207 468 1272; x_wconf 90' lang='lat' dir='ltr'><strong>vel</strong></span> <span class='ocrx_word' id='word_1_81' title='bbox 499 1223 644 1287; x_wconf 88' lang='lat' dir='ltr'><strong>superne</strong></span> <span class='ocrx_word' id='word_1_82' title='bbox 670 1205 789 1289; x_wconf 89' lang='lat' dir='ltr'><strong>pallide</strong></span> <span class='ocrx_word' id='word_1_83' title='bbox 816 1205 1044 1285; x_wconf 75' lang='lat' dir='ltr'><strong>recalescam,</strong></span> <span class='ocrx_word' id='word_1_84' title='bbox 1074 1205 1225 1272; x_wconf 88' lang='lat' dir='ltr'><strong>loliorum</strong></span> <span class='ocrx_word' id='word_1_85' title='bbox 1249 1204 1442 1271; x_wconf 84' lang='lat' dir='ltr'><strong>radicalium</strong></span> <span class='ocrx_word' id='word_1_86' title='bbox 1456 1203 1544 1274; x_wconf 89' lang='lat' dir='ltr'><strong>limbo</strong></span> 
     </span>
     <span class='ocr_line' id='line_1_11' title="bbox 273 1293 1542 1380; baseline -0.002 -18"><span class='ocrx_word' id='word_1_87' title='bbox 273 1313 375 1380; x_wconf 85' lang='lat' dir='ltr'><strong>parvo</strong></span> <span class='ocrx_word' id='word_1_88' title='bbox 393 1295 573 1360; x_wconf 89' lang='lat' dir='ltr'><strong>orbiculato</strong></span> <span class='ocrx_word' id='word_1_89' title='bbox 593 1293 838 1360; x_wconf 85' lang='lat' dir='ltr'><strong>biternatisecto</strong></span> <span class='ocrx_word' id='word_1_90' title='bbox 867 1293 992 1361; x_wconf 86' lang='lat' dir='ltr'><strong>laciniis</strong></span> <span class='ocrx_word' id='word_1_91' title='bbox 1008 1293 1170 1362; x_wconf 77' lang='lat' dir='ltr'><strong>istricatis</strong></span> <span class='ocrx_word' id='word_1_92' title='bbox 1202 1295 1349 1360; x_wconf 81' lang='lat' dir='ltr'><strong>breviler</strong></span> <span class='ocrx_word' id='word_1_93' title='bbox 1363 1295 1542 1366; x_wconf 86' lang='lat' dir='ltr'><strong>lanceolatis</strong></span> 
     </span>
     <span class='ocr_line' id='line_1_12' title="bbox 274 1382 1604 1468; baseline -0.002 -18"><span class='ocrx_word' id='word_1_94' title='bbox 274 1383 428 1468; x_wconf 72' lang='lat' dir='ltr'><strong>spinosis</strong></span> <span class='ocrx_word' id='word_1_95' title='bbox 449 1382 586 1450; x_wconf 88' lang='lat' dir='ltr'><strong>caulinis</strong></span> <span class='ocrx_word' id='word_1_96' title='bbox 613 1383 909 1466; x_wconf 89' lang='lat' dir='ltr'><strong>mulli-tripartitis,</strong></span> <span class='ocrx_word' id='word_1_97' title='bbox 925 1382 1076 1466; x_wconf 86' lang='lat' dir='ltr'><strong>capitulis</strong></span> <span class='ocrx_word' id='word_1_98' title='bbox 1093 1385 1148 1448; x_wconf 79' lang='grc'><strong>3-5</strong></span> <span class='ocrx_word' id='word_1_99' title='bbox 1164 1382 1378 1467; x_wconf 89' lang='lat' dir='ltr'><strong>corymbosis,</strong></span> <span class='ocrx_word' id='word_1_100' title='bbox 1395 1383 1541 1449; x_wconf 80' lang='lat' dir='ltr'><strong>involucri</strong></span> <span class='ocrx_word' id='word_1_101' title='bbox 1603 1449 1604 1456; x_wconf 8' lang='grc' dir='ltr'>χ</span> 
     </span>
     <span class='ocr_line' id='line_1_13' title="bbox 273 1472 1544 1558; baseline -0.001 -21"><span class='ocrx_word' id='word_1_102' title='bbox 273 1473 395 1558; x_wconf 83' lang='lat' dir='ltr'><strong>phyllis</strong></span> <span class='ocrx_word' id='word_1_103' title='bbox 415 1475 469 1540; x_wconf 68' lang='lat' dir='ltr'><strong>ts</strong></span> <span class='ocrx_word' id='word_1_104' title='bbox 489 1472 642 1537; x_wconf 84' lang='lat' dir='ltr'><strong>carinatis</strong></span> <span class='ocrx_word' id='word_1_105' title='bbox 659 1472 1016 1538; x_wconf 86' lang='lat' dir='ltr'><strong>lanceolata-subulatis</strong></span> <span class='ocrx_word' id='word_1_106' title='bbox 1045 1472 1247 1556; x_wconf 87' lang='lat' dir='ltr'><strong>subintegris</strong></span> <span class='ocrx_word' id='word_1_107' title='bbox 1275 1472 1392 1555; x_wconf 80' lang='lat' dir='ltr'><strong>rigidis</strong></span> <span class='ocrx_word' id='word_1_108' title='bbox 1416 1472 1544 1556; x_wconf 87' lang='lat' dir='ltr'><strong>capitulo</strong></span> 
     </span>
     <span class='ocr_line' id='line_1_14' title="bbox 274 1559 1543 1646; baseline -0.002 -18"><span class='ocrx_word' id='word_1_109' title='bbox 274 1562 372 1645; x_wconf 86' lang='lat' dir='ltr'><strong>triplo</strong></span> <span class='ocrx_word' id='word_1_110' title='bbox 392 1561 605 1644; x_wconf 83' lang='lat' dir='ltr'><strong>longioribus,</strong></span> <span class='ocrx_word' id='word_1_111' title='bbox 623 1561 724 1644; x_wconf 88' lang='lat' dir='ltr'><strong>paleis</strong></span> <span class='ocrx_word' id='word_1_112' title='bbox 745 1559 909 1628; x_wconf 89' lang='lat' dir='ltr'><strong>subulalis</strong></span> <span class='ocrx_word' id='word_1_113' title='bbox 925 1561 1034 1644; x_wconf 87' lang='lat' dir='ltr'><strong>calyce</strong></span> <span class='ocrx_word' id='word_1_114' title='bbox 1053 1561 1330 1646; x_wconf 89' lang='lat' dir='ltr'><strong>sublongioribus,</strong></span> <span class='ocrx_word' id='word_1_115' title='bbox 1346 1561 1464 1644; x_wconf 86' lang='lat' dir='ltr'><strong>calycis</strong></span> <span class='ocrx_word' id='word_1_116' title='bbox 1479 1560 1543 1626; x_wconf 88' lang='lat' dir='ltr'><strong>laci-</strong></span> 
     </span>
     <span class='ocr_line' id='line_1_15' title="bbox 273 1649 905 1732; baseline -0.006 -16"><span class='ocrx_word' id='word_1_117' title='bbox 273 1651 338 1717; x_wconf 91' lang='lat' dir='ltr'><strong>niis</strong></span> <span class='ocrx_word' id='word_1_118' title='bbox 357 1651 503 1732; x_wconf 82' lang='lat' dir='ltr'><strong>oblongis</strong></span> <span class='ocrx_word' id='word_1_119' title='bbox 523 1651 617 1732; x_wconf 87' lang='lat' dir='ltr'><strong>longe</strong></span> <span class='ocrx_word' id='word_1_120' title='bbox 637 1649 837 1715; x_wconf 86' lang='lat' dir='ltr'><strong>mucronatis</strong></span> <span class='ocrx_word' id='word_1_121' title='bbox 862 1655 905 1720; x_wconf 73' lang='lat' dir='ltr'><strong>lt.</strong></span> 
     </span>
    </p>
   </div>
   <div class='ocr_carea' id='block_1_5' title="bbox 274 1759 1544 2046">
    <p class='ocr_par' dir='ltr' id='par_1_5' title="bbox 274 1759 1544 2046">
     <span class='ocr_line' id='line_1_16' title="bbox 309 1759 1543 1832; baseline -0.002 -16"><span class='ocrx_word' id='word_1_122' title='bbox 309 1761 385 1817; x_wconf 85' lang='lat' dir='ltr'><strong>Hab.</strong></span> <span class='ocrx_word' id='word_1_123' title='bbox 400 1762 431 1816; x_wconf 95' lang='lat' dir='ltr'><strong>in</strong></span> <span class='ocrx_word' id='word_1_124' title='bbox 444 1763 562 1832; x_wconf 84' lang='lat' dir='ltr'><strong>regione</strong></span> <span class='ocrx_word' id='word_1_125' title='bbox 585 1761 746 1832; x_wconf 77' lang='lat' dir='ltr'><strong>subalpina</strong></span> <span class='ocrx_word' id='word_1_126' title='bbox 764 1761 874 1816; x_wconf 90' lang='lat' dir='ltr'><strong>montis</strong></span> <span class='ocrx_word' id='word_1_127' title='bbox 895 1759 1056 1816; x_wconf 90' lang='lat' dir='ltr'><strong>Boudroun</strong></span> <span class='ocrx_word' id='word_1_128' title='bbox 1079 1761 1199 1816; x_wconf 83' lang='lat' dir='ltr'><strong>Pisidiae</strong></span> <span class='ocrx_word' id='word_1_129' title='bbox 1217 1761 1266 1816; x_wconf 87' lang='lat' dir='ltr'><strong>alt</strong></span> <span class='ocrx_word' id='word_1_130' title='bbox 1278 1759 1359 1816; x_wconf 84' lang='lat'>5000&#39;</span> <span class='ocrx_word' id='word_1_131' title='bbox 1372 1759 1543 1828; x_wconf 71' lang='lat' dir='ltr'><strong>(Heldrltin</strong></span> 
     </span>
     <span class='ocr_line' id='line_1_17' title="bbox 274 1831 1544 1906; baseline -0.002 -18"><span class='ocrx_word' id='word_1_132' title='bbox 274 1833 395 1906; x_wconf 71' lang='lat' dir='ltr'><strong>regione</strong></span> <span class='ocrx_word' id='word_1_133' title='bbox 407 1833 509 1905; x_wconf 83' lang='lat' dir='ltr'><strong>alpina</strong></span> <span class='ocrx_word' id='word_1_134' title='bbox 522 1831 629 1887; x_wconf 89' lang='lat' dir='ltr'><strong>Libani</strong></span> <span class='ocrx_word' id='word_1_135' title='bbox 642 1833 718 1888; x_wconf 88' lang='lat' dir='ltr'><strong>inter</strong></span> <span class='ocrx_word' id='word_1_136' title='bbox 730 1831 851 1886; x_wconf 81' lang='lat' dir='ltr'><strong>Dimum</strong></span> <span class='ocrx_word' id='word_1_137' title='bbox 866 1831 1061 1903; x_wconf 85' lang='lat' dir='ltr'><strong>etYamouny</strong></span> <span class='ocrx_word' id='word_1_138' title='bbox 1083 1832 1158 1901; x_wconf 79' lang='lat' dir='ltr'><strong>(Bit)</strong></span> <span class='ocrx_word' id='word_1_139' title='bbox 1182 1835 1211 1886; x_wconf 94' lang='lat' dir='ltr'><strong>et</strong></span> <span class='ocrx_word' id='word_1_140' title='bbox 1227 1832 1258 1886; x_wconf 90' lang='lat' dir='ltr'><strong>in</strong></span> <span class='ocrx_word' id='word_1_141' title='bbox 1277 1832 1399 1902; x_wconf 82' lang='lat' dir='ltr'><strong>regione</strong></span> <span class='ocrx_word' id='word_1_142' title='bbox 1419 1831 1544 1886; x_wconf 80' lang='lat' dir='ltr'><strong>meditat</strong></span> 
     </span>
     <span class='ocr_line' id='line_1_18' title="bbox 274 1901 1544 1975; baseline -0.003 -17"><span class='ocrx_word' id='word_1_143' title='bbox 274 1903 419 1975; x_wconf 87' lang='lat' dir='ltr'><strong>superiori</strong></span> <span class='ocrx_word' id='word_1_144' title='bbox 433 1903 542 1958; x_wconf 88' lang='lat' dir='ltr'><strong>montis</strong></span> <span class='ocrx_word' id='word_1_145' title='bbox 555 1904 688 1959; x_wconf 86' lang='lat' dir='ltr'><strong>Hermon</strong></span> <span class='ocrx_word' id='word_1_146' title='bbox 709 1902 875 1958; x_wconf 85' lang='lat' dir='ltr'><strong>Antilibani</strong></span> <span class='ocrx_word' id='word_1_147' title='bbox 896 1902 944 1959; x_wconf 83' lang='lat' dir='ltr'><strong>alt.</strong></span> <span class='ocrx_word' id='word_1_148' title='bbox 966 1902 1136 1960; x_wconf 81' lang='lat'><strong>7000’-9000‘</strong></span> <span class='ocrx_word' id='word_1_149' title='bbox 1152 1902 1274 1974; x_wconf 87' lang='lat' dir='ltr'><strong>(Boissl,</strong></span> <span class='ocrx_word' id='word_1_150' title='bbox 1288 1902 1377 1958; x_wconf 88' lang='lat' dir='ltr'><strong>Gaill.</strong></span> <span class='ocrx_word' id='word_1_151' title='bbox 1392 1917 1455 1958; x_wconf 86' lang='lat' dir='ltr'><strong>exs.</strong></span> <span class='ocrx_word' id='word_1_152' title='bbox 1471 1901 1544 1957; x_wconf 75' lang='lat' dir='ltr'><strong>rasel</strong></span> 
     </span>
     <span class='ocr_line' id='line_1_19' title="bbox 274 1973 1079 2046; baseline -0.001 -16"><span class='ocrx_word' id='word_1_153' title='bbox 274 1974 330 2046; x_wconf 86' lang='lat' dir='ltr'><strong>Ky.</strong></span> <span class='ocrx_word' id='word_1_154' title='bbox 344 1991 403 2030; x_wconf 86' lang='lat' dir='ltr'><strong>sxs.</strong></span> <span class='ocrx_word' id='word_1_155' title='bbox 417 1975 470 2030; x_wconf 81' lang='lat'><strong>197</strong></span> <span class='ocrx_word' id='word_1_156' title='bbox 483 1975 540 2030; x_wconf 89' lang='lat' dir='ltr'><strong>sub</strong></span> <span class='ocrx_word' id='word_1_157' title='bbox 554 1974 588 2029; x_wconf 85' lang='lat' dir='ltr'><strong>E.</strong></span> <span class='ocrx_word' id='word_1_158' title='bbox 602 1973 813 2044; x_wconf 69' lang='lat' dir='ltr'><strong>Biltaroliertl).</strong></span> <span class='ocrx_word' id='word_1_159' title='bbox 1076 1995 1079 2004; x_wconf 89' lang='grc'>·</span> 
     </span>
    </p>
   </div>
   <div class='ocr_carea' id='block_1_6' title="bbox 274 2069 1545 2286">
    <p class='ocr_par' dir='ltr' id='par_1_6' title="bbox 274 2069 1545 2286">
     <span class='ocr_line' id='line_1_20' title="bbox 308 2069 1545 2156; baseline -0.003 -28"><span class='ocrx_word' id='word_1_160' title='bbox 308 2073 415 2154; x_wconf 81' lang='lat' dir='ltr'><strong>Planta</strong></span> <span class='ocrx_word' id='word_1_161' title='bbox 431 2073 477 2156; x_wconf 67' lang='lat'><strong>¹1¹</strong></span> <span class='ocrx_word' id='word_1_162' title='bbox 493 2073 524 2156; x_wconf 71' lang='lat' dir='ltr'><strong>¹j3</strong></span> <span class='ocrx_word' id='word_1_163' title='bbox 543 2071 666 2156; x_wconf 74' lang='lat' dir='ltr'><strong>pedalis,</strong></span> <span class='ocrx_word' id='word_1_164' title='bbox 687 2073 774 2128; x_wconf 85' lang='lat' dir='ltr'><strong>iacies</strong></span> <span class='ocrx_word' id='word_1_165' title='bbox 799 2076 828 2128; x_wconf 87' lang='lat' dir='ltr'><strong>et</strong></span> <span class='ocrx_word' id='word_1_166' title='bbox 848 2072 919 2128; x_wconf 88' lang='lat' dir='ltr'><strong>folia</strong></span> <span class='ocrx_word' id='word_1_167' title='bbox 940 2071 1088 2156; x_wconf 28' lang='lat' dir='ltr'><strong>parvaoE.</strong></span> <span class='ocrx_word' id='word_1_168' title='bbox 1116 2070 1267 2156; x_wconf 73' lang='lat' dir='ltr'><strong>Bourpatr&#39;</strong></span> <span class='ocrx_word' id='word_1_169' title='bbox 1290 2089 1307 2128; x_wconf 92' lang='lat' dir='ltr'><strong>a</strong></span> <span class='ocrx_word' id='word_1_170' title='bbox 1326 2089 1388 2156; x_wconf 84' lang='lat' dir='ltr'><strong>quo</strong></span> <span class='ocrx_word' id='word_1_171' title='bbox 1415 2075 1449 2128; x_wconf 91' lang='lat' dir='ltr'><strong>ut</strong></span> <span class='ocrx_word' id='word_1_172' title='bbox 1469 2077 1496 2154; x_wconf 80' lang='lat' dir='ltr'><strong>et</strong></span> <span class='ocrx_word' id='word_1_173' title='bbox 1511 2069 1545 2124; x_wconf 84' lang='lat' dir='ltr'><strong>ab</strong></span> 
     </span>
     <span class='ocr_line' id='line_1_21' title="bbox 274 2142 1545 2216; baseline -0.002 -17"><span class='ocrx_word' id='word_1_174' title='bbox 274 2142 309 2199; x_wconf 87' lang='grc' dir='ltr'><strong>Ε.</strong></span> <span class='ocrx_word' id='word_1_175' title='bbox 323 2143 498 2202; x_wconf 79' lang='lat' dir='ltr'><strong>lelardrera</strong></span> <span class='ocrx_word' id='word_1_176' title='bbox 511 2143 659 2199; x_wconf 85' lang='lat' dir='ltr'><strong>1nvolucrr</strong></span> <span class='ocrx_word' id='word_1_177' title='bbox 672 2143 785 2216; x_wconf 88' lang='lat' dir='ltr'><strong>phyllis</strong></span> <span class='ocrx_word' id='word_1_178' title='bbox 805 2143 904 2214; x_wconf 88' lang='lat' dir='ltr'><strong>longis</strong></span> <span class='ocrx_word' id='word_1_179' title='bbox 926 2145 1066 2200; x_wconf 85' lang='lat' dir='ltr'><strong>carinatis</strong></span> <span class='ocrx_word' id='word_1_180' title='bbox 1085 2159 1219 2216; x_wconf 84' lang='lat' dir='ltr'><strong>margine</strong></span> <span class='ocrx_word' id='word_1_181' title='bbox 1241 2145 1365 2216; x_wconf 82' lang='lat' dir='ltr'><strong>integris</strong></span> <span class='ocrx_word' id='word_1_182' title='bbox 1385 2159 1440 2200; x_wconf 90' lang='lat' dir='ltr'><strong>nec</strong></span> <span class='ocrx_word' id='word_1_183' title='bbox 1457 2157 1545 2216; x_wconf 85' lang='lat' dir='ltr'><strong>sprun-</strong></span> 
     </span>
     <span class='ocr_line' id='line_1_22' title="bbox 274 2214 677 2286; baseline 0 -17"><span class='ocrx_word' id='word_1_184' title='bbox 274 2214 349 2272; x_wconf 86' lang='lat' dir='ltr'><strong>losis</strong></span> <span class='ocrx_word' id='word_1_185' title='bbox 363 2216 463 2271; x_wconf 83' lang='lat' dir='ltr'><strong>statim</strong></span> <span class='ocrx_word' id='word_1_186' title='bbox 476 2215 677 2286; x_wconf 86' lang='lat' dir='ltr'><strong>distinguitur.</strong></span> 
     </span>
    </p>
   </div>
   <div class='ocr_carea' id='block_1_7' title="bbox 432 2409 1395 2483">
    <p class='ocr_par' dir='ltr' id='par_1_7' title="bbox 432 2409 1395 2483">
     <span class='ocr_line' id='line_1_23' title="bbox 432 2409 1395 2483; baseline -0.003 -16"><span class='ocrx_word' id='word_1_187' title='bbox 432 2415 464 2479; x_wconf 80' lang='lat' dir='ltr'><strong>-l-</strong></span> <span class='ocrx_word' id='word_1_188' title='bbox 503 2416 534 2480; x_wconf 61' lang='grc'><strong>4-</strong></span> <span class='ocrx_word' id='word_1_189' title='bbox 572 2409 760 2482; x_wconf 81' lang='lat' dir='ltr'><strong>Receptaculi</strong></span> <span class='ocrx_word' id='word_1_190' title='bbox 775 2409 868 2483; x_wconf 88' lang='lat' dir='ltr'><strong>paleae</strong></span> <span class='ocrx_word' id='word_1_191' title='bbox 880 2413 997 2467; x_wconf 90' lang='lat' dir='ltr'><strong>tantum</strong></span> <span class='ocrx_word' id='word_1_192' title='bbox 1010 2411 1168 2466; x_wconf 83' lang='lat' dir='ltr'><strong>exteriores</strong></span> <span class='ocrx_word' id='word_1_193' title='bbox 1180 2410 1395 2483; x_wconf 78' lang='lat' dir='ltr'><strong>tricuspidatae.</strong></span> 
     </span>
    </p>
   </div>
   <div class='ocr_carea' id='block_1_8' title="bbox 270 2529 1606 3310">
    <p class='ocr_par' dir='ltr' id='par_1_8' title="bbox 270 2529 1606 3310">
     <span class='ocr_line' id='line_1_24' title="bbox 324 2529 1544 2619; baseline -0.005 -21"><span class='ocrx_word' id='word_1_194' title='bbox 324 2537 373 2599; x_wconf 81' lang='lat' dir='ltr'><strong>tc.</strong></span> <span class='ocrx_word' id='word_1_195' title='bbox 399 2533 442 2600; x_wconf 87' lang='grc' dir='ltr'><strong>Ε.</strong></span> <span class='ocrx_word' id='word_1_196' title='bbox 460 2533 819 2617; x_wconf 84' lang='lat' dir='ltr'><strong>amethystinum</strong></span> <span class='ocrx_word' id='word_1_197' title='bbox 836 2532 890 2619; x_wconf 75' lang='lat' dir='ltr'><strong>(L.</strong></span> <span class='ocrx_word' id='word_1_198' title='bbox 913 2532 969 2617; x_wconf 91' lang='lat' dir='ltr'><strong>Sp.</strong></span> <span class='ocrx_word' id='word_1_199' title='bbox 990 2533 1053 2598; x_wconf 79' lang='lat' dir='ltr'><strong>cet</strong></span> <span class='ocrx_word' id='word_1_200' title='bbox 1077 2551 1145 2598; x_wconf 88' lang='lat' dir='ltr'><strong>var.</strong></span> <span class='ocrx_word' id='word_1_201' title='bbox 1168 2531 1210 2617; x_wconf 81' lang='grc' dir='ltr'><strong>α)</strong></span> <span class='ocrx_word' id='word_1_202' title='bbox 1233 2533 1318 2599; x_wconf 89' lang='lat' dir='ltr'><strong>loliis</strong></span> <span class='ocrx_word' id='word_1_203' title='bbox 1339 2529 1544 2598; x_wconf 81' lang='lat' dir='ltr'><strong>subcoriareis</strong></span> 
     </span>
     <span class='ocr_line' id='line_1_25' title="bbox 275 2619 1542 2706; baseline -0.006 -16"><span class='ocrx_word' id='word_1_204' title='bbox 275 2623 427 2690; x_wconf 86' lang='lat' dir='ltr'><strong>nervosis</strong></span> <span class='ocrx_word' id='word_1_205' title='bbox 445 2623 619 2688; x_wconf 89' lang='lat' dir='ltr'><strong>decursive</strong></span> <span class='ocrx_word' id='word_1_206' title='bbox 635 2621 895 2706; x_wconf 86' lang='lat' dir='ltr'><strong>bipinnatisectis</strong></span> <span class='ocrx_word' id='word_1_207' title='bbox 908 2621 1201 2705; x_wconf 85' lang='lat' dir='ltr'><strong>spinoso-dentatis</strong></span> <span class='ocrx_word' id='word_1_208' title='bbox 1215 2622 1340 2686; x_wconf 88' lang='lat' dir='ltr'><strong>laciniis</strong></span> <span class='ocrx_word' id='word_1_209' title='bbox 1357 2619 1542 2685; x_wconf 86' lang='lat' dir='ltr'><strong>lineari-lan·</strong></span> 
     </span>
     <span class='ocr_line' id='line_1_26' title="bbox 273 2708 1542 2794; baseline -0.006 -16"><span class='ocrx_word' id='word_1_210' title='bbox 273 2711 419 2792; x_wconf 78' lang='lat' dir='ltr'><strong>caelatis,</strong></span> <span class='ocrx_word' id='word_1_211' title='bbox 437 2711 646 2794; x_wconf 85' lang='lat' dir='ltr'><strong>superiorum</strong></span> <span class='ocrx_word' id='word_1_212' title='bbox 666 2711 788 2794; x_wconf 87' lang='lat' dir='ltr'><strong>petiole</strong></span> <span class='ocrx_word' id='word_1_213' title='bbox 807 2712 940 2778; x_wconf 87' lang='lat' dir='ltr'><strong>dilatato</strong></span> <span class='ocrx_word' id='word_1_214' title='bbox 958 2711 1236 2793; x_wconf 86' lang='lat' dir='ltr'><strong>vaginanti,caule</strong></span> <span class='ocrx_word' id='word_1_215' title='bbox 1249 2711 1341 2794; x_wconf 87' lang='lat' dir='ltr'><strong>apice</strong></span> <span class='ocrx_word' id='word_1_216' title='bbox 1353 2708 1542 2792; x_wconf 82' lang='lat' dir='ltr'><strong>mrymboso,</strong></span> 
     </span>
     <span class='ocr_line' id='line_1_27' title="bbox 271 2795 1542 2885; baseline -0.005 -19"><span class='ocrx_word' id='word_1_217' title='bbox 271 2801 516 2868; x_wconf 87' lang='lat' dir='ltr'><strong>inflorescentia</strong></span> <span class='ocrx_word' id='word_1_218' title='bbox 531 2803 663 2882; x_wconf 78' lang='lat' dir='ltr'><strong>cyanea,</strong></span> <span class='ocrx_word' id='word_1_219' title='bbox 678 2799 839 2865; x_wconf 80' lang='lat' dir='ltr'><strong>involucri</strong></span> <span class='ocrx_word' id='word_1_220' title='bbox 853 2799 975 2885; x_wconf 85' lang='lat' dir='ltr'><strong>phyllis</strong></span> <span class='ocrx_word' id='word_1_221' title='bbox 986 2801 1043 2866; x_wconf 89' lang='grc'><strong>6-8</strong></span> <span class='ocrx_word' id='word_1_222' title='bbox 1057 2799 1377 2866; x_wconf 87' lang='lat' dir='ltr'><strong>lineari-lanceolatis</strong></span> <span class='ocrx_word' id='word_1_223' title='bbox 1397 2797 1466 2862; x_wconf 87' lang='lat' dir='ltr'><strong>basi</strong></span> <span class='ocrx_word' id='word_1_224' title='bbox 1478 2795 1542 2861; x_wconf 81' lang='lat' dir='ltr'><strong>sub</strong></span> 
     </span>
     <span class='ocr_line' id='line_1_28' title="bbox 272 2887 1543 2972; baseline -0.006 -17"><span class='ocrx_word' id='word_1_225' title='bbox 272 2891 454 2970; x_wconf 88' lang='lat' dir='ltr'><strong>angustatis</strong></span> <span class='ocrx_word' id='word_1_226' title='bbox 475 2889 720 2972; x_wconf 80' lang='lat' dir='ltr'><strong>spinulosisque</strong></span> <span class='ocrx_word' id='word_1_227' title='bbox 748 2891 889 2972; x_wconf 86' lang='lat' dir='ltr'><strong>capitulo</strong></span> <span class='ocrx_word' id='word_1_228' title='bbox 919 2889 1044 2968; x_wconf 70' lang='lat' dir='ltr'><strong>ut-tl-plo</strong></span> <span class='ocrx_word' id='word_1_229' title='bbox 1070 2889 1283 2970; x_wconf 75' lang='lat' dir='ltr'><strong>longioribus</strong></span> <span class='ocrx_word' id='word_1_230' title='bbox 1309 2887 1411 2972; x_wconf 89' lang='lat' dir='ltr'><strong>paleis</strong></span> <span class='ocrx_word' id='word_1_231' title='bbox 1432 2887 1543 2951; x_wconf 86' lang='lat' dir='ltr'><strong>lanceo-</strong></span> 
     </span>
     <span class='ocr_line' id='line_1_29' title="bbox 270 2975 1542 3062; baseline -0.006 -18"><span class='ocrx_word' id='word_1_232' title='bbox 270 2979 345 3044; x_wconf 90' lang='lat' dir='ltr'><strong>latis</strong></span> <span class='ocrx_word' id='word_1_233' title='bbox 377 2979 485 3061; x_wconf 81' lang='lat' dir='ltr'><strong>calyce</strong></span> <span class='ocrx_word' id='word_1_234' title='bbox 516 2977 784 3060; x_wconf 90' lang='lat' dir='ltr'><strong>sublongioribus</strong></span> <span class='ocrx_word' id='word_1_235' title='bbox 819 2977 1040 3044; x_wconf 86' lang='lat' dir='ltr'><strong>exterioribus</strong></span> <span class='ocrx_word' id='word_1_236' title='bbox 1076 2979 1231 3062; x_wconf 85' lang='lat' dir='ltr'><strong>utrinque</strong></span> <span class='ocrx_word' id='word_1_237' title='bbox 1275 2977 1407 3061; x_wconf 73' lang='lat' dir='ltr'><strong>spinula</strong></span> <span class='ocrx_word' id='word_1_238' title='bbox 1442 2975 1542 3048; x_wconf 73' lang='lat' dir='ltr'><strong>auctis,</strong></span> 
     </span>
     <span class='ocr_line' id='line_1_30' title="bbox 272 3061 1606 3150; baseline -0.005 -18"><span class='ocrx_word' id='word_1_239' title='bbox 272 3066 390 3150; x_wconf 86' lang='lat' dir='ltr'><strong>calycis</strong></span> <span class='ocrx_word' id='word_1_240' title='bbox 422 3067 547 3132; x_wconf 89' lang='lat' dir='ltr'><strong>laciniis</strong></span> <span class='ocrx_word' id='word_1_241' title='bbox 571 3065 830 3148; x_wconf 86' lang='lat' dir='ltr'><strong>ovato-oblongis</strong></span> <span class='ocrx_word' id='word_1_242' title='bbox 861 3066 1061 3134; x_wconf 87' lang='lat' dir='ltr'><strong>mucronatis</strong></span> <span class='ocrx_word' id='word_1_243' title='bbox 1092 3071 1135 3137; x_wconf 73' lang='lat' dir='ltr'><strong>lt.</strong></span> <span class='ocrx_word' id='word_1_244' title='bbox 1162 3065 1205 3131; x_wconf 88' lang='lat' dir='ltr'><strong>lc.</strong></span> <span class='ocrx_word' id='word_1_245' title='bbox 1225 3064 1279 3130; x_wconf 89' lang='lat' dir='ltr'><strong>W.</strong></span> <span class='ocrx_word' id='word_1_246' title='bbox 1303 3065 1341 3131; x_wconf 91' lang='grc' dir='ltr'><strong>Κ.</strong></span> <span class='ocrx_word' id='word_1_247' title='bbox 1362 3065 1469 3146; x_wconf 82' lang='lat' dir='ltr'><strong>Hrmg.</strong></span> <span class='ocrx_word' id='word_1_248' title='bbox 1488 3061 1541 3125; x_wconf 81' lang='lat' dir='ltr'><strong>nt.</strong></span> <span class='ocrx_word' id='word_1_249' title='bbox 1605 3075 1606 3078; x_wconf 73' lang='grc'>’</span> 
     </span>
     <span class='ocr_line' id='line_1_31' title="bbox 273 3147 1545 3238; baseline -0.006 -17"><span class='ocrx_word' id='word_1_250' title='bbox 273 3156 347 3221; x_wconf 77' lang='lat' dir='ltr'><strong>alc.</strong></span> <span class='ocrx_word' id='word_1_251' title='bbox 368 3189 409 3203; x_wconf 92' lang='lat'>-</span> <span class='ocrx_word' id='word_1_252' title='bbox 430 3155 531 3220; x_wconf 90' lang='lat' dir='ltr'><strong>Rchb.</strong></span> <span class='ocrx_word' id='word_1_253' title='bbox 552 3155 593 3220; x_wconf 92' lang='lat' dir='ltr'><strong>lc.</strong></span> <span class='ocrx_word' id='word_1_254' title='bbox 614 3155 678 3220; x_wconf 85' lang='lat' dir='ltr'><strong>tab.</strong></span> <span class='ocrx_word' id='word_1_255' title='bbox 703 3157 797 3221; x_wconf 82' lang='lat'><strong>1851.</strong></span> <span class='ocrx_word' id='word_1_256' title='bbox 821 3195 862 3202; x_wconf 97' lang='lat'><strong>--</strong></span> <span class='ocrx_word' id='word_1_257' title='bbox 882 3157 919 3222; x_wconf 90' lang='grc' dir='ltr'><strong>Ε.</strong></span> <span class='ocrx_word' id='word_1_258' title='bbox 947 3153 1123 3221; x_wconf 81' lang='lat' dir='ltr'><strong>dilatatum</strong></span> <span class='ocrx_word' id='word_1_259' title='bbox 1149 3153 1246 3222; x_wconf 83' lang='lat' dir='ltr'><strong>Guss.</strong></span> <span class='ocrx_word' id='word_1_260' title='bbox 1274 3154 1355 3238; x_wconf 91' lang='lat' dir='ltr'><strong>Syn.</strong></span> <span class='ocrx_word' id='word_1_261' title='bbox 1388 3153 1415 3226; x_wconf 80' lang='lat' dir='ltr'><strong>l,</strong></span> <span class='ocrx_word' id='word_1_262' title='bbox 1441 3169 1470 3235; x_wconf 91' lang='lat' dir='ltr'><strong>p.</strong></span> <span class='ocrx_word' id='word_1_263' title='bbox 1490 3147 1545 3214; x_wconf 79' lang='lat' dir='ltr'><strong>act</strong></span> 
     </span>
     <span class='ocr_line' id='line_1_32' title="bbox 273 3243 446 3310; baseline -0.017 0"><span class='ocrx_word' id='word_1_264' title='bbox 273 3263 338 3310; x_wconf 93' lang='lat' dir='ltr'><strong>non</strong></span> <span class='ocrx_word' id='word_1_265' title='bbox 357 3243 446 3308; x_wconf 89' lang='lat' dir='ltr'><strong>Lam.</strong></span> 
     </span>
    </p>
   </div>
   <div class='ocr_carea' id='block_1_9' title="bbox 269 3353 1546 3685">
    <p class='ocr_par' dir='ltr' id='par_1_9' title="bbox 269 3353 1546 3572">
     <span class='ocr_line' id='line_1_33' title="bbox 308 3353 1544 3427; baseline -0.003 -17"><span class='ocrx_word' id='word_1_266' title='bbox 308 3357 384 3412; x_wconf 90' lang='lat' dir='ltr'><strong>Hab.</strong></span> <span class='ocrx_word' id='word_1_267' title='bbox 400 3357 433 3412; x_wconf 88' lang='lat' dir='ltr'><strong>in</strong></span> <span class='ocrx_word' id='word_1_268' title='bbox 444 3357 575 3412; x_wconf 73' lang='lat' dir='ltr'><strong>Albania</strong></span> <span class='ocrx_word' id='word_1_269' title='bbox 587 3355 700 3413; x_wconf 88' lang='lat' dir='ltr'><strong>boreali</strong></span> <span class='ocrx_word' id='word_1_270' title='bbox 712 3358 862 3427; x_wconf 86' lang='lat' dir='ltr'><strong>(Griseb.).</strong></span> <span class='ocrx_word' id='word_1_271' title='bbox 877 3357 1023 3413; x_wconf 81' lang='lat' dir='ltr'><strong>Praeterea</strong></span> <span class='ocrx_word' id='word_1_272' title='bbox 1035 3375 1053 3414; x_wconf 88' lang='lat' dir='ltr'><strong>a</strong></span> <span class='ocrx_word' id='word_1_273' title='bbox 1066 3357 1252 3414; x_wconf 86' lang='lat' dir='ltr'><strong>Forskahleo</strong></span> <span class='ocrx_word' id='word_1_274' title='bbox 1270 3357 1310 3412; x_wconf 87' lang='lat' dir='ltr'><strong>ad</strong></span> <span class='ocrx_word' id='word_1_275' title='bbox 1329 3353 1544 3426; x_wconf 85' lang='lat' dir='ltr'><strong>Hellespontum</strong></span> 
     </span>
     <span class='ocr_line' id='line_1_34' title="bbox 271 3424 1546 3554; baseline -0.002 -72"><span class='ocrx_word' id='word_1_276' title='bbox 271 3428 424 3483; x_wconf 87' lang='lat' dir='ltr'><strong>indicatur.</strong></span> <span class='ocrx_word' id='word_1_277' title='bbox 441 3460 476 3468; x_wconf 86' lang='lat'><em>-</em></span> <span class='ocrx_word' id='word_1_278' title='bbox 491 3427 525 3511; x_wconf 82' lang='grc' dir='ltr'><strong>Ε.</strong></span> <span class='ocrx_word' id='word_1_279' title='bbox 543 3427 775 3554; x_wconf 61' lang='lat' dir='ltr'><strong>amethpstinrrm</strong></span> <span class='ocrx_word' id='word_1_280' title='bbox 793 3429 899 3512; x_wconf 82' lang='lat' dir='ltr'><strong>Ledeb.</strong></span> <span class='ocrx_word' id='word_1_281' title='bbox 916 3428 958 3512; x_wconf 71' lang='grc' dir='ltr'><strong>ΕΙ.</strong></span> <span class='ocrx_word' id='word_1_282' title='bbox 969 3429 1064 3512; x_wconf 73' lang='grc' dir='ltr'><em>ΙΙοεε.</em></span> <span class='ocrx_word' id='word_1_283' title='bbox 1083 3428 1118 3498; x_wconf 87' lang='lat' dir='ltr'><strong>u,</strong></span> <span class='ocrx_word' id='word_1_284' title='bbox 1143 3429 1197 3484; x_wconf 75' lang='lat'><strong>238</strong></span> <span class='ocrx_word' id='word_1_285' title='bbox 1218 3445 1252 3483; x_wconf 86' lang='lat' dir='ltr'><strong>ex</strong></span> <span class='ocrx_word' id='word_1_286' title='bbox 1275 3429 1340 3511; x_wconf 80' lang='lat' dir='ltr'><strong>ejus</strong></span> <span class='ocrx_word' id='word_1_287' title='bbox 1357 3424 1493 3483; x_wconf 87' lang='lat' dir='ltr'><strong>herbario</strong></span> <span class='ocrx_word' id='word_1_288' title='bbox 1507 3425 1546 3476; x_wconf 71' lang='lat' dir='ltr'><strong>est</strong></span> 
     </span>
     <span class='ocr_line' id='line_1_35' title="bbox 269 3498 1312 3572; baseline 0 -19"><span class='ocrx_word' id='word_1_289' title='bbox 269 3499 372 3572; x_wconf 86' lang='lat' dir='ltr'><strong>planta</strong></span> <span class='ocrx_word' id='word_1_290' title='bbox 382 3498 531 3554; x_wconf 83' lang='lat' dir='ltr'><strong>hortensis</strong></span> <span class='ocrx_word' id='word_1_291' title='bbox 545 3499 627 3570; x_wconf 90' lang='lat' dir='ltr'><strong>prob.</strong></span> <span class='ocrx_word' id='word_1_292' title='bbox 664 3500 770 3570; x_wconf 87' lang='lat' dir='ltr'><strong>ybrrda</strong></span> <span class='ocrx_word' id='word_1_293' title='bbox 783 3503 812 3554; x_wconf 88' lang='lat' dir='ltr'><strong>et</strong></span> <span class='ocrx_word' id='word_1_294' title='bbox 824 3499 1038 3572; x_wconf 81' lang='lat' dir='ltr'><strong>diversissima,</strong></span> <span class='ocrx_word' id='word_1_295' title='bbox 1055 3501 1152 3556; x_wconf 83' lang='lat' dir='ltr'><strong>forma</strong></span> <span class='ocrx_word' id='word_1_296' title='bbox 1166 3499 1201 3554; x_wconf 91' lang='grc' dir='ltr'><strong>Ε.</strong></span> <span class='ocrx_word' id='word_1_297' title='bbox 1217 3499 1312 3572; x_wconf 83' lang='lat' dir='ltr'><strong>ptam.</strong></span> 
     </span>
    </p>

    <p class='ocr_par' dir='ltr' id='par_1_10' title="bbox 315 3595 1545 3685">
     <span class='ocr_line' id='line_1_36' title="bbox 315 3595 1545 3685; baseline -0.01 -18"><span class='ocrx_word' id='word_1_298' title='bbox 315 3601 350 3684; x_wconf 83' lang='grc' dir='ltr'><strong>β.</strong></span> <span class='ocrx_word' id='word_1_299' title='bbox 376 3599 600 3682; x_wconf 67' lang='grc' dir='ltr'><strong>ΙρηιιΙῙοΙὶΙιηι.</strong></span> <span class='ocrx_word' id='word_1_300' title='bbox 621 3638 663 3646; x_wconf 93' lang='grc'><strong>-</strong></span> <span class='ocrx_word' id='word_1_301' title='bbox 682 3599 788 3668; x_wconf 80' lang='lat' dir='ltr'><strong>Boias</strong></span> <span class='ocrx_word' id='word_1_302' title='bbox 807 3605 840 3666; x_wconf 89' lang='lat' dir='ltr'><strong>et</strong></span> <span class='ocrx_word' id='word_1_303' title='bbox 855 3600 968 3666; x_wconf 89' lang='lat' dir='ltr'><strong>Heldr.</strong></span> <span class='ocrx_word' id='word_1_304' title='bbox 989 3603 1029 3685; x_wconf 91' lang='lat' dir='ltr'><strong>pl.</strong></span> <span class='ocrx_word' id='word_1_305' title='bbox 1048 3619 1171 3668; x_wconf 82' lang='lat' dir='ltr'><strong>exs-</strong></span> <span class='ocrx_word' id='word_1_306' title='bbox 1183 3599 1349 3665; x_wconf 83' lang='lat' dir='ltr'><strong>Foliorum</strong></span> <span class='ocrx_word' id='word_1_307' title='bbox 1371 3595 1491 3662; x_wconf 81' lang='lat' dir='ltr'><strong>laciniae</strong></span> <span class='ocrx_word' id='word_1_308' title='bbox 1506 3597 1545 3656; x_wconf 84' lang='lat' dir='ltr'><strong>le</strong></span> 
     </span>
    </p>
   </div>
   <div class='ocr_carea' id='block_1_10' title="bbox 270 3680 1541 3862">
    <p class='ocr_par' dir='ltr' id='par_1_11' title="bbox 270 3680 1541 3862">
     <span class='ocr_line' id='line_1_37' title="bbox 270 3680 1541 3773; baseline -0.007 -16"><span class='ocrx_word' id='word_1_309' title='bbox 270 3691 418 3772; x_wconf 68' lang='lat' dir='ltr'><strong>naiores</strong></span> <span class='ocrx_word' id='word_1_310' title='bbox 446 3689 608 3755; x_wconf 79' lang='lat' dir='ltr'><strong>involucri</strong></span> <span class='ocrx_word' id='word_1_311' title='bbox 639 3690 749 3772; x_wconf 88' lang='lat' dir='ltr'><strong>phylla</strong></span> <span class='ocrx_word' id='word_1_312' title='bbox 775 3689 941 3755; x_wconf 90' lang='lat' dir='ltr'><strong>interdum</strong></span> <span class='ocrx_word' id='word_1_313' title='bbox 971 3691 1075 3773; x_wconf 88' lang='lat' dir='ltr'><strong>spinis</strong></span> <span class='ocrx_word' id='word_1_314' title='bbox 1104 3686 1297 3755; x_wconf 83' lang='lat' dir='ltr'><strong>lateralibus</strong></span> <span class='ocrx_word' id='word_1_315' title='bbox 1321 3685 1425 3768; x_wconf 90' lang='lat' dir='ltr'><strong>longis</strong></span> <span class='ocrx_word' id='word_1_316' title='bbox 1453 3685 1471 3748; x_wconf 74' lang='grc' dir='ltr'><em>Ι</em></span> <span class='ocrx_word' id='word_1_317' title='bbox 1498 3680 1541 3745; x_wconf 80' lang='lat' dir='ltr'><strong>vel</strong></span> 
     </span>
     <span class='ocr_line' id='line_1_38' title="bbox 270 3776 1118 3862; baseline -0.001 -17"><span class='ocrx_word' id='word_1_318' title='bbox 270 3781 412 3846; x_wconf 70' lang='lat' dir='ltr'><strong>drtttcla.</strong></span> <span class='ocrx_word' id='word_1_319' title='bbox 434 3817 474 3825; x_wconf 91' lang='lat'>-</span> <span class='ocrx_word' id='word_1_320' title='bbox 495 3778 532 3844; x_wconf 88' lang='grc' dir='ltr'><strong>Ε.</strong></span> <span class='ocrx_word' id='word_1_321' title='bbox 549 3777 754 3862; x_wconf 82' lang='lat' dir='ltr'><strong>multifidum</strong></span> <span class='ocrx_word' id='word_1_322' title='bbox 770 3777 816 3844; x_wconf 85' lang='lat' dir='ltr'><strong>Fi.</strong></span> <span class='ocrx_word' id='word_1_323' title='bbox 835 3776 938 3843; x_wconf 80' lang='lat' dir='ltr'><strong>Graec.</strong></span> <span class='ocrx_word' id='word_1_324' title='bbox 958 3778 1021 3844; x_wconf 87' lang='lat' dir='ltr'><strong>tab.</strong></span> <span class='ocrx_word' id='word_1_325' title='bbox 1045 3779 1118 3844; x_wconf 69' lang='lat'>259.</span> 
     </span>
    </p>
   </div>
   <div class='ocr_carea' id='block_1_11' title="bbox 271 3881 1542 4032">
    <p class='ocr_par' dir='ltr' id='par_1_12' title="bbox 271 3881 1542 4032">
     <span class='ocr_line' id='line_1_39' title="bbox 307 3881 1542 3973; baseline -0.008 -28"><span class='ocrx_word' id='word_1_326' title='bbox 307 3889 382 3945; x_wconf 70' lang='lat' dir='ltr'><strong>H&#39;ab.</strong></span> <span class='ocrx_word' id='word_1_327' title='bbox 407 3890 437 3944; x_wconf 94' lang='lat' dir='ltr'><strong>in</strong></span> <span class='ocrx_word' id='word_1_328' title='bbox 460 3889 580 3959; x_wconf 88' lang='lat' dir='ltr'><strong>regione</strong></span> <span class='ocrx_word' id='word_1_329' title='bbox 600 3889 698 3972; x_wconf 79' lang='lat' dir='ltr'><strong>media</strong></span> <span class='ocrx_word' id='word_1_330' title='bbox 719 3891 749 3944; x_wconf 91' lang='lat' dir='ltr'><strong>et</strong></span> <span class='ocrx_word' id='word_1_331' title='bbox 769 3888 915 3973; x_wconf 87' lang='lat' dir='ltr'><strong>superiori</strong></span> <span class='ocrx_word' id='word_1_332' title='bbox 936 3887 1025 3972; x_wconf 83' lang='lat' dir='ltr'><strong>Olym</strong></span> <span class='ocrx_word' id='word_1_333' title='bbox 1047 3890 1057 3944; x_wconf 94' lang='lat' dir='ltr'><strong>i</strong></span> <span class='ocrx_word' id='word_1_334' title='bbox 1076 3887 1221 3958; x_wconf 86' lang='lat' dir='ltr'><strong>Thessali,</strong></span> <span class='ocrx_word' id='word_1_335' title='bbox 1234 3887 1376 3944; x_wconf 89' lang='lat' dir='ltr'><strong>Parnassi</strong></span> <span class='ocrx_word' id='word_1_336' title='bbox 1396 3891 1426 3940; x_wconf 91' lang='lat' dir='ltr'><strong>et</strong></span> <span class='ocrx_word' id='word_1_337' title='bbox 1444 3881 1542 3939; x_wconf 78' lang='lat' dir='ltr'><strong>montis</strong></span> 
     </span>
     <span class='ocr_line' id='line_1_40' title="bbox 271 3959 1300 4032; baseline -0.004 -16"><span class='ocrx_word' id='word_1_338' title='bbox 271 3960 414 4032; x_wconf 89' lang='lat' dir='ltr'><strong>Kyllenes</strong></span> <span class='ocrx_word' id='word_1_339' title='bbox 428 3960 569 4031; x_wconf 82' lang='lat' dir='ltr'><strong>[Heldrl),</strong></span> <span class='ocrx_word' id='word_1_340' title='bbox 579 3959 612 4015; x_wconf 88' lang='lat' dir='ltr'><strong>in</strong></span> <span class='ocrx_word' id='word_1_341' title='bbox 626 3975 746 4031; x_wconf 84' lang='lat' dir='ltr'><strong>regrone</strong></span> <span class='ocrx_word' id='word_1_342' title='bbox 759 3960 861 4032; x_wconf 79' lang='lat' dir='ltr'><strong>alpina</strong></span> <span class='ocrx_word' id='word_1_343' title='bbox 874 3960 1000 4031; x_wconf 74' lang='lat' dir='ltr'><strong>Taygeta</strong></span> <span class='ocrx_word' id='word_1_344' title='bbox 1012 3961 1025 4028; x_wconf 90' lang='lat'>(</span> <span class='ocrx_word' id='word_1_345' title='bbox 1055 3959 1149 4030; x_wconf 83' lang='lat' dir='ltr'><strong>eldrt).</strong></span> <span class='ocrx_word' id='word_1_346' title='bbox 1166 3960 1209 4014; x_wconf 79' lang='grc' dir='ltr'><strong>ΕΙ.</strong></span> <span class='ocrx_word' id='word_1_347' title='bbox 1223 3961 1300 4030; x_wconf 81' lang='lat' dir='ltr'><strong>Aug.</strong></span> 
     </span>
    </p>
   </div>
   <div class='ocr_carea' id='block_1_12' title="bbox 309 4055 1341 4131">
    <p class='ocr_par' dir='ltr' id='par_1_13' title="bbox 309 4055 1341 4131">
     <span class='ocr_line' id='line_1_41' title="bbox 309 4055 1341 4131; baseline -0.005 -17"><span class='ocrx_word' id='word_1_348' title='bbox 309 4057 476 4131; x_wconf 88' lang='lat' dir='ltr'><strong>Specimina</strong></span> <span class='ocrx_word' id='word_1_349' title='bbox 489 4073 504 4114; x_wconf 92' lang='lat' dir='ltr'><strong>e</strong></span> <span class='ocrx_word' id='word_1_350' title='bbox 518 4057 633 4113; x_wconf 83' lang='lat' dir='ltr'><strong>Graecia</strong></span> <span class='ocrx_word' id='word_1_351' title='bbox 646 4056 838 4112; x_wconf 88' lang='lat' dir='ltr'><strong>continentali</strong></span> <span class='ocrx_word' id='word_1_352' title='bbox 853 4073 964 4112; x_wconf 84' lang='lat' dir='ltr'><strong>nexum</strong></span> <span class='ocrx_word' id='word_1_353' title='bbox 977 4072 1044 4112; x_wconf 92' lang='lat' dir='ltr'><strong>cum</strong></span> <span class='ocrx_word' id='word_1_354' title='bbox 1056 4059 1130 4128; x_wconf 88' lang='lat' dir='ltr'><strong>typo</strong></span> <span class='ocrx_word' id='word_1_355' title='bbox 1142 4055 1341 4128; x_wconf 74' lang='lat' dir='ltr'><strong>praebuerunt</strong></span> 
     </span>
    </p>
   </div>
   <div class='ocr_carea' id='block_1_13' title="bbox 271 4141 1542 4280">
    <p class='ocr_par' dir='ltr' id='par_1_14' title="bbox 271 4141 1542 4280">
     <span class='ocr_line' id='line_1_42' title="bbox 307 4141 1542 4280; baseline -0.011 -69"><span class='ocrx_word' id='word_1_356' title='bbox 307 4155 359 4280; x_wconf 38' lang='grc' dir='ltr'><strong>ἐξ</strong></span> <span class='ocrx_word' id='word_1_357' title='bbox 381 4153 481 4224; x_wconf 82' lang='lat' dir='ltr'><strong>(leogr.</strong></span> <span class='ocrx_word' id='word_1_358' title='bbox 508 4153 669 4209; x_wconf 85' lang='lat' dir='ltr'><strong>Germania</strong></span> <span class='ocrx_word' id='word_1_359' title='bbox 688 4152 837 4223; x_wconf 86' lang='lat' dir='ltr'><strong>australis,</strong></span> <span class='ocrx_word' id='word_1_360' title='bbox 858 4151 952 4220; x_wconf 84' lang='lat' dir='ltr'><strong>Italia,</strong></span> <span class='ocrx_word' id='word_1_361' title='bbox 972 4151 1078 4222; x_wconf 87' lang='lat' dir='ltr'><strong>Sicilia,</strong></span> <span class='ocrx_word' id='word_1_362' title='bbox 1100 4149 1256 4221; x_wconf 70' lang='lat' dir='ltr'><strong>Dalmatia,</strong></span> <span class='ocrx_word' id='word_1_363' title='bbox 1275 4141 1542 4219; x_wconf 61' lang='lat' dir='ltr'><strong>emeramensi-</strong></span> 
     </span>
     <span class='ocr_line' id='line_1_43' title="bbox 271 4240 367 4278; baseline -0.01 0"><span class='ocrx_word' id='word_1_364' title='bbox 271 4240 309 4278; x_wconf 90' lang='lat' dir='ltr'><strong>va</strong></span> <span class='ocrx_word' id='word_1_365' title='bbox 362 4266 367 4277; x_wconf 94' lang='lat'>.</span> 
     </span>
    </p>
   </div>
   <div class='ocr_carea' id='block_1_14' title="bbox 272 4409 1540 4592">
    <p class='ocr_par' dir='ltr' id='par_1_15' title="bbox 272 4409 1540 4592">
     <span class='ocr_line' id='line_1_44' title="bbox 322 4409 1540 4505; baseline -0.01 -19"><span class='ocrx_word' id='word_1_366' title='bbox 322 4423 370 4487; x_wconf 83' lang='grc'><strong>16.</strong></span> <span class='ocrx_word' id='word_1_367' title='bbox 395 4423 437 4488; x_wconf 83' lang='grc' dir='ltr'><strong>Ε.</strong></span> <span class='ocrx_word' id='word_1_368' title='bbox 455 4419 761 4489; x_wconf 84' lang='lat' dir='ltr'><strong>dichotomum</strong></span> <span class='ocrx_word' id='word_1_369' title='bbox 785 4421 892 4505; x_wconf 81' lang='lat' dir='ltr'><strong>(Desl.</strong></span> <span class='ocrx_word' id='word_1_370' title='bbox 912 4419 976 4486; x_wconf 83' lang='lat' dir='ltr'><strong>Alt.</strong></span> <span class='ocrx_word' id='word_1_371' title='bbox 996 4418 1021 4499; x_wconf 90' lang='grc' dir='ltr'><strong>Ι,</strong></span> <span class='ocrx_word' id='word_1_372' title='bbox 1038 4438 1070 4501; x_wconf 91' lang='lat' dir='ltr'><strong>p.</strong></span> <span class='ocrx_word' id='word_1_373' title='bbox 1092 4419 1166 4499; x_wconf 72' lang='lat' dir='ltr'><strong>tto,</strong></span> <span class='ocrx_word' id='word_1_374' title='bbox 1186 4417 1253 4482; x_wconf 92' lang='lat' dir='ltr'><strong>tab.</strong></span> <span class='ocrx_word' id='word_1_375' title='bbox 1277 4415 1336 4500; x_wconf 76' lang='lat'><strong>55]</strong></span> <span class='ocrx_word' id='word_1_376' title='bbox 1355 4415 1438 4482; x_wconf 89' lang='lat' dir='ltr'><strong>loliis</strong></span> <span class='ocrx_word' id='word_1_377' title='bbox 1464 4409 1540 4477; x_wconf 86' lang='lat' dir='ltr'><strong>radi·</strong></span> 
     </span>
     <span class='ocr_line' id='line_1_45' title="bbox 272 4504 1538 4592; baseline -0.008 -18"><span class='ocrx_word' id='word_1_378' title='bbox 272 4511 397 4577; x_wconf 89' lang='lat' dir='ltr'><strong>oalibus</strong></span> <span class='ocrx_word' id='word_1_379' title='bbox 417 4515 451 4578; x_wconf 87' lang='lat' dir='ltr'><strong>et</strong></span> <span class='ocrx_word' id='word_1_380' title='bbox 468 4509 681 4576; x_wconf 82' lang='lat' dir='ltr'><strong>interioribus</strong></span> <span class='ocrx_word' id='word_1_381' title='bbox 697 4509 955 4576; x_wconf 88' lang='lat' dir='ltr'><strong>membranaceis</strong></span> <span class='ocrx_word' id='word_1_382' title='bbox 980 4507 1143 4592; x_wconf 87' lang='lat' dir='ltr'><strong>petiolatis</strong></span> <span class='ocrx_word' id='word_1_383' title='bbox 1171 4504 1461 4585; x_wconf 79' lang='lat' dir='ltr'><strong>cordatooblongis</strong></span> <span class='ocrx_word' id='word_1_384' title='bbox 1477 4513 1538 4564; x_wconf 77' lang='lat' dir='ltr'><strong>cre·</strong></span> 
     </span>
    </p>
   </div>
   <div class='ocr_carea' id='block_1_15' title="bbox 1384 4821 1416 4848">
    <p class='ocr_par' dir='ltr' id='par_1_16' title="bbox 1384 4821 1416 4848">
     <span class='ocr_line' id='line_1_46' title="bbox 1384 4821 1416 4848; baseline 0 -8"><span class='ocrx_word' id='word_1_385' title='bbox 1384 4821 1416 4848; x_wconf 59' lang='grc' dir='ltr'><em>μ</em></span> 
     </span>
    </p>
   </div>
   <div class='ocr_carea' id='block_1_16' title="bbox 0 0 1645 5172">
    <p class='ocr_par' dir='ltr' id='par_1_17' title="bbox 0 0 1645 5172">
     <span class='ocr_line' id='line_1_47' title="bbox 0 0 1645 5172; baseline 0 0"><span class='ocrx_word' id='word_1_386' title='bbox 0 0 1645 5172; x_wconf 95' lang='lat' dir='ltr'><strong> </strong></span> 
     </span>
    </p>
   </div>
  </div>
 </body>
</html>
