3324 5180
221 381 276 438 72⁰
771 397 925 440 ausam
1333 383 1506 443 Pudentilla.

222 509 277 588 tls,
297 506 416 590 calycis
427 503 556 574 laciniis
568 507 715 574 externis
734 506 882 590 oblongis
899 505 1026 574 obtusis
1045 506 1186 572 mterrris
1203 506 1385 588 majoribus
1399 509 1509 576 oratis

225 596 448 678 acutiuscula,
467 597 585 678 petalis
600 596 785 663 obcordatis
802 597 910 679 calyce
929 596 1029 680 duplo
1048 595 1250 678 longioribus
1277 604 1322 670 tl.
1341 596 1378 662 P.
1399 614 1510 664 mres

224 686 306 752 Rota
322 683 369 749 ΡΙ.
387 686 468 751 Dan.
488 684 542 750 tab
571 687 585 750 l
597 687 635 751 ll
655 703 721 751 non
744 685 778 750 li.
793 722 835 733 —
847 686 882 751 P·
904 682 1168 766 Saliobrrmeusis
1185 684 1318 750 Haenke,
1332 723 1368 737 —
1380 685 1419 751 P.
1436 705 1509 753 mo·

224 774 335 840 culutu
353 775 473 841 Pourr.
494 774 564 840 Act
585 775 693 841 Tolos.
710 774 767 854 lll,
782 793 812 858 p.
835 777 910 840 316.
922 812 961 821 —-
978 775 1015 840 P.
1029 771 1211 856 Bithynico
1229 773 1385 840 Homem.
1406 774 1506 842 Heln.

224 863 338 947 Sappl.
363 882 394 948 p.
416 866 457 930 55
475 881 517 929 ex
532 862 645 929 Lehm.
1101 875 1104 882 ⁴

259 973 334 1029 Hah.
355 976 387 1030 iu
426 975 497 1030 ratis
516 974 625 1048 alpinis
644 973 792 1030 Armeniae
812 975 888 1030 circa
906 973 1046 1028 Erzerum
1062 973 1094 1028 in
1107 977 1207 1028 monte
1224 973 1387 1046 Tachdagh
1401 976 1507 1045 (Calvi

223 1045 338 1114 Huetl),
360 1046 391 1100 in
405 991 501 1102 Bouto
515 1046 620 1102 Lazioo
640 1061 731 1120 supra
750 1045 853 1101 D'imil
874 1044 924 1100 alt.
937 1044 1017 1101 7500'
1037 1043 1120 1112 (Bait
1154 1045 1183 1100 in
1203 1043 1328 1101 Caucasi
1348 1048 1504 1105 orientalis

222 1115 383 1172 'lbrsohetia
393 1121 423 1172 et
435 1117 772 1188 Daghestania7btltt'-ll
829 1117 835 1140 ’
849 1117 986 1188 frequens
996 1119 1025 1172 et
1036 1131 1096 1187 quo
1147 1117 1292 1172 staturam
1305 1117 1503 1176 etindumen-

223 1191 286 1244 tum
302 1188 390 1243 valde
403 1189 524 1244 varians
537 1188 739 1261 (Ruprechtt).

255 1283 363 1338 Planta
375 1283 516 1339 Armenia
528 1287 557 1340 et
570 1283 783 1357 lormreplures
795 1283 958 1340 anancaeo
971 1283 1127 1356 paululum
1141 1282 1284 1338 differunt
1301 1284 1341 1339 ab
1355 1284 1503 1360 Europae

221 1353 331 1411 foliolis
345 1355 495 1410 interdum
508 1355 669 1423 maioribus
687 1360 716 1412 et
733 1355 871 1427 utrinque
888 1370 966 1428 saepe
978 1355 1027 1410 lc
1039 1369 1092 1410 nec
1102 1353 1303 1421 dle-dentatis,
1324 1355 1443 1412 laciniis
1453 1373 1503 1414 ca-

220 1426 295 1498 lycis
308 1425 465 1482 latioribus
478 1431 507 1482 et
518 1426 617 1482 minus
630 1426 838 1499 inaequalibus,
849 1426 1022 1498 neutiquam
1035 1430 1135 1482 tamen
1147 1426 1186 1481 ab
1199 1428 1235 1480 ea
1247 1426 1447 1497 sejungendae.

255 1521 304 1576 Ar.
319 1521 418 1590 liseur.
430 1520 565 1577 Amorion
577 1522 691 1592 erotica,
703 1519 913 1592 Groenlandia
926 1519 1046 1593 Europa
1057 1521 1163 1576 arctico
1175 1522 1204 1576 et
1217 1519 1317 1575 media
1331 1521 1362 1576 in
1375 1521 1500 1596 alpinis,

265 1750 317 1813 51.
330 1707 385 1812 ⁸1².
400 1752 571 1832 petraea
590 1747 764 1833 (Schlecht.
783 1745 864 1830 Mag.
883 1745 957 1811 Nat.
980 1747 1035 1812 Fr.
1057 1745 1153 1812 Berol
1171 1745 1240 1827 Vll,
1259 1767 1288 1830 p.
1312 1747 1394 1831 Μ)
1412 1750 1502 1816 inea-

221 1837 416 1918 nosericea,
441 1837 589 1903 caulibus
617 1836 749 1920 pumilio
769 1835 1023 1902 appendentibus
1048 1834 1244 1919 petiolisquc
1269 1837 1375 1920 longis
1397 1838 1500 1906 dense

219 1925 425 2006 tomentosis‚
441 1925 526 1992 loliis
540 1925 595 1992 inl.
612 1923 757 2010 quinatis
776 1925 893 1992 loliolis
910 1924 1340 1991 cuneilormi-rhcmbcideis
1354 1945 1502 2010 superne

220 2013 338 2081 obtuse
357 2014 625 2094 inciso-serratis,
642 2013 774 2098 stipulis
785 2013 1044 2096 ovato-oblongis
1063 2012 1210 2096 integris,
1227 2013 1366 2081 lloribus
1384 2017 1501 2098 paucis

221 2104 414 2186 paniculotis
430 2103 554 2187 pervia,
573 2103 692 2187 calycis
708 2101 833 2188 laciniis
849 2103 998 2184 oblongis
1006 2101 1241 2168 obtusiuseulis
1259 2105 1405 2169 extemis
1421 2105 1494 2171 sub.-

218 2191 439 2274 hrevioribus,
460 2193 575 2276 petalis
594 2191 779 2258 obcordatis
797 2193 906 2275 calyce
925 2191 1028 2257 dense
1054 2195 1237 2257 tomentoso
1264 2191 1501 2277 sesquilongio·

220 2279 313 2346 ribus
338 2285 380 2351 ll.
402 2281 445 2346 lc.
469 2279 579 2346 Lehm.
597 2281 684 2347 lton.
706 2279 770 2347 tab.
793 2283 843 2346 ll.

252 2390 330 2446 Hah.
343 2392 374 2446 in
391 2392 542 2448 montibus
555 2391 716 2464 provincias
728 2390 842 2447 Ghilan
854 2389 964 2446 Persice
984 2389 1113 2446 borealis
1127 2391 1214 2460 (Pell.
1227 2391 1259 2446 in
1273 2391 1355 2449 herb.
1369 2391 1500 2465 Willdl).

254 2486 362 2543 Caules
375 2488 582 2560 semipedales,
597 2487 669 2544 lolia
689 2488 827 2560 ubisque
839 2487 955 2553 sericea,
974 2485 1087 2542 corolla
1100 2503 1115 2542 e
1129 2488 1206 2544 sicco
1218 2488 1352 2560 hepatioa
1370 2489 1497 2546 videtur.

218 2557 313 2614 Locus
327 2557 464 2615 eSibirid
476 2559 611 2616 orientali
624 2559 662 2615 ab
674 2557 844 2616 auctoribus
857 2558 1003 2614 indicatus
1016 2573 1155 2654 erroneus
1169 2557 1294 2614 videtur.

262 2795 314 2859 aa.
339 2792 382 2858 P.
406 2791 628 2859 Nurensis
646 2789 766 2875 (Boius.
787 2794 821 2855 et
839 2788 995 2875 Hausak.)
1012 2788 1162 2857 caulibus
1178 2792 1432 2860 ascendentibus
1449 2799 1497 2862 te-

219 2883 342 2950 nuibus
361 2882 452 2964 apice
471 2880 664 2964 corymbose
683 2884 716 2944 et
733 2879 804 2944 laxe
821 2877 986 2944 d-l-tloris
1006 2879 1148 2960 sparsim
1167 2884 1201 2946 et
1225 2883 1335 2963 patule
1357 2881 1497 2966 hispidis

218 2988 365 3056 superne
382 2973 540 3052 praterea
560 2967 622 3035 sub
641 2970 728 3035 lente
751 2967 898 3033 breviter
917 2968 1032 3046 liclia,
1053 2968 1182 3049 petiolis
1203 2969 1360 3036 tenuibus
1386 2975 1497 3054 patule

217 3066 251 3127 et
267 3061 362 3141 longe
381 3059 590 3125 albo-setosis
610 3057 727 3124 foliolis
747 3060 766 3122 5
786 3057 820 3120 in
839 3055 952 3122 orbem
972 3056 1140 3138 dispositis
1162 3058 1341 3124 aduersos
1361 3065 1395 3125 et
1412 3079 1498 3126 mar-

217 3150 326 3233 ginem
343 3149 438 3230 longe
457 3152 490 3214 et
508 3146 775 3231 adpressiuscule
788 3146 943 3212 setulosis
957 3143 1118 3210 viridibus
1137 3146 1208 3213 basi
1223 3149 1401 3214 attenuatis
1418 3149 1498 3216 sub

217 3236 390 3304 sessillbus
405 3235 706 3318 oblongo-cunculis
725 3234 759 3300 in
781 3235 911 3300 lacinias
931 3234 1072 3299 lineares
1099 3235 1234 3302 obtusas
1255 3239 1311 3302 5-'1
1334 3237 1498 3318 dissectis,

216 3325 351 3409 stipulis
371 3325 557 3390 lanceolatis
570 3325 674 3390 soritis
687 3323 816 3396 setosis,
835 3324 954 3404 calycis
973 3321 1115 3388 scabridi
1130 3329 1163 3390 et
1178 3331 1338 3408 praterea
1352 3328 1495 3410 sparsim

216 3415 318 3481 setosi
337 3413 461 3480 laciniis
480 3413 701 3480 exterioribus
725 3412 905 3477 linearibus
930 3411 1070 3477 internis
1094 3413 1496 3495 triangulari-lanceolatis

216 3503 419 3587 aquilongis,
437 3503 557 3568 corolld
576 3505 676 3568 sured
692 3501 835 3583 ealycem
854 3500 1030 3567 excedente
1057 3506 1100 3572 il.

249 3614 325 3670 Hab.
340 3615 370 3670 in
384 3615 483 3669 monte
496 3613 566 3668 Kuh
579 3613 643 3670 Nur
655 3611 764 3668 Persice
777 3611 916 3668 australis
929 3609 978 3666 alt.
992 3611 1089 3668 11000‘
1105 3613 1241 3682 (Hausslr
1253 3616 1280 3684 l).

251 3711 358 3768 Caules
371 3712 430 3767 lere
464 3711 571 3780 adalae,
585 3711 656 3768 folia
666 3711 747 3766 infer.
764 3709 853 3765 diam.
864 3709 1001 3782 pollicem
1020 3709 1093 3778 lata,
1107 3711 1193 3767 llores
1206 3713 1371 3784 maJusculi.
1385 3713 1494 3768 Affinis

215 3783 250 3838 P.
263 3783 394 3840 radiare
406 3729 508 3838 celim
523 3785 607 3854 eujus
620 3783 735 3837 iconem
747 3787 862 3836 lantiam
876 3781 937 3837 vidi
950 3785 980 3836 et
989 3797 1057 3852 quae
1070 3781 1173 3837 habitu
1187 3787 1218 3839 et
1230 3783 1310 3839 loliis
1330 3783 1438 3838 similis
1447 3789 1495 3839 est

214 3853 311 3910 diflert
327 3854 437 3910 foliolis
450 3853 651 3926 superioribus
664 3851 845 3926 petiolulatis
857 3859 884 3908 et
896 3852 1041 3924 imprimis
1055 3854 1197 3922 corymbo
1211 3854 1356 3924 densiori,
1370 3854 1494 3910 lloribus

215 3925 382 3981 minoribus
395 3930 424 3981 et
433 3925 544 3996 calycis
557 3925 661 3980 formu

378 4167 404 4218 ><
449 4168 475 4218 ><
517 4157 668 4213 Foliorum
680 4155 854 4212 interiorum
871 4153 973 4210 loliola
986 4153 1137 4225 superiora
1149 4153 1333 4226 petiolulata.

263 4295 315 4358 53.
340 4291 384 4357 P.
409 4289 589 4359 radiata
613 4289 740 4376 (Lehm.
759 4289 830 4356 Iud.
854 4288 939 4355 Sem.
960 4288 1052 4353 Hort.
1073 4287 1187 4353 Hamb.
1220 4289 1317 4372 1849)
1344 4288 1493 4356 caulibus

212 4381 331 4446 erectis
341 4381 500 4463 elongatis
513 4381 709 4464 petiolisque
722 4381 870 4463 patenter
881 4377 1138 4461 pubescentibus
1154 4378 1246 4461 apice
1266 4377 1491 4443 condensatim

213 4469 621 4551 multillorocorymhosis,
636 4469 721 4534 loliis
736 4469 832 4533 infer.
851 4485 953 4549 supra
969 4464 1155 4548 subglabris
1170 4465 1290 4533 subtus
1300 4465 1490 4532 incumben-

214 4557 371 4642 ti-pilosis
396 4557 491 4640 longe
518 4558 681 4640 petioletis
701 4555 879 4642 septenatis
902 4553 1022 4622 loliolis
1047 4555 1081 4620 in
1099 4553 1214 4621 orbem
1240 4555 1411 4639 dispositis
1437 4573 1493 4622 cu·
