3090 5186
1346 104 1351 112 ·
1495 3 1535 212 l

405 333 409 342 ·
1531 209 1535 368 l

214 394 285 452 1086
734 409 967 452 muraenam.
1344 391 1471 450 Camala.
1533 381 1535 454 1

1533 513 1535 552 l

261 573 291 636 6.
318 569 357 637 G.
379 567 647 636 Stookslana
668 567 790 654 (Boiss.
811 567 926 649 Diagn.
949 566 1018 632 Ser.
1041 565 1080 648 ΙΙ,
1100 569 1131 648 6,
1152 587 1184 651 p.
1211 566 1271 652 89)
1289 566 1434 650 adpresse
1448 571 1476 632 el
1533 561 1535 626 i

216 660 358 741 sparsim
372 657 727 740 setulosopubescens,
744 657 828 723 loliis
845 657 968 722 ambitu
985 655 1130 738 oblongis
1148 656 1401 740 bipinnatisectis
1417 674 1476 738 seg·
1534 667 1535 730 ἶ

217 749 336 814 mentis
355 749 388 812 in
406 746 538 812 lacinias
566 744 891 812 lineari-lanceolatas
916 749 1028 811 acutas
1057 743 1476 829 pinnatipartitis.11mbellis
1533 731 1535 766 ¹

218 835 363 902 breviter
383 835 608 919 pedunculatis
635 835 841 918 inaequaliter
858 839 890 898 et
910 833 1055 900 breuiter
1073 835 1292 900 t-b-radialis.
1312 831 1477 898 iurelurelli
1534 839 1535 870 ⁴

220 925 338 1009 phyllis
357 923 539 990 linearibus
557 923 655 989 liores
672 924 891 1007 aequantibus
916 925 1021 990 fructu
1049 922 1188 1005 oblongo
1207 924 1327 1005 ealyeis
1346 919 1478 986 dentibus
1534 1005 1535 1014 ἵ

218 1013 611 1095 triangulari-lanceolatis
637 1018 801 1096 superato,
816 1013 972 1095 jngorum
996 1011 1265 1077 secundariorum
1286 1010 1404 1076 aculeis
1421 1011 1479 1074 t-t-
1534 1059 1535 1064 η

220 1103 309 1168 fariis
327 1101 450 1168 scabris
469 1103 557 1184 apice
574 1103 775 1183 gloubidiatis
793 1101 977 1186 meriearpii
995 1101 1090 1166 diam.
1109 1100 1387 1182 sublongioribus‚
1402 1099 1480 1182 stylis

217 1192 402 1274 stylopodio
423 1191 623 1274 longioribus
646 1197 695 1268 Θ.

255 1303 331 1358 Hab.
346 1304 421 1358 inter
434 1306 545 1372 segetes
560 1301 737 1357 Belutscbiae
757 1317 848 1373 prope
866 1301 1004 1357 la'hozdar
1024 1301 1139 1370 (Stoclrs
1151 1317 1213 1356 exs.
1225 1303 1279 1356 775
1288 1303 1316 1368 l).
1329 1299 1408 1370 regni
1419 1299 1481 1355 llas·

217 1378 281 1429 cate
294 1375 412 1428 Arabiae
428 1373 531 1437 (buch.
545 1373 586 1427 lot
591 1375 649 1440 521).
663 1374 769 1428 Persiae
783 1372 922 1428 australis
932 1373 970 1428 ad
985 1373 1107 1427 llalecbi
1120 1375 1149 1427 et
1159 1372 1266 1426 Chiraz
1279 1371 1348 1442 (Ky.
1362 1387 1418 1426 ess
1431 1372 1481 1426 117!

218 1446 275 1500 sub
289 1444 316 1500 C.
331 1444 490 1516 leptopbyll
498 1442 532 1513 Α),
547 1435 714 1514 Babylonia
734 1444 772 1499 ad
791 1445 914 1515 Bagdad
935 1449 964 1500 et
980 1443 1184 1499 Mobammera
1207 1444 1318 1513 (bodl),
1335 1449 1429 1498 monte
1442 1442 1482 1497 Pir

218 1515 309 1570 Omar
322 1517 446 1572 Gudrun
460 1517 592 1586 Assyriae
605 1515 738 1585 (Hausslr
747 1518 775 1584 l).

254 1613 358 1668 Affinis
376 1609 408 1668 C.
429 1611 614 1686 leptophyllos
636 1612 733 1667 differt
752 1612 846 1666 fructu
865 1611 1003 1679 breviori,
1024 1609 1133 1680 ealycis
1151 1609 1292 1676 dentibus
1314 1577 1482 1678 abbreviatis

219 1685 408 1754 stigmatibus
422 1699 481 1740 non
494 1683 662 1754 sessilibus;
675 1682 790 1738 laciniae
803 1682 941 1738 foliorum
955 1697 1034 1754 saepe
1048 1681 1177 1737 latiores.

267 1880 294 1941 l.
321 1877 352 1950 G
387 1876 525 1942 fallax
544 1875 664 1958 (Boiss.
682 1883 715 1943 et
733 1875 798 1960 Bl.)
815 1877 973 1960 adpresse
992 1876 1147 1957 setulosa‚
1168 1879 1259 1944 caule
1286 1875 1375 1942 tenui
1393 1875 1484 1940 dicho

223 1972 471 2042 temerantem,
502 1965 585 2030 soliis
616 1965 875 2048 bipinnatisectis
902 1965 1078 2046 segmentis
1108 1965 1296 2032 lanceolatis
1320 1963 1424 2030 incisis
1441 1963 1484 2026 rel

221 2054 447 2138 pinnatiscctis
469 2054 619 2118 loliorum
645 2073 876 2137 supremorum
899 2055 1061 2119 terminali
1081 2071 1169 2135 saepe
1189 2057 1338 2135 elongato
1355 2053 1482 2118 sublute-

220 2164 289 2227 gro.
313 2143 464 2209 umbellis
484 2143 821 2225 longe-pedunculatis
842 2143 1059 2221 3-5-radiatis,
1080 2142 1270 2209 involucelli
1292 2142 1406 2226 phyllis
1430 2141 1485 2206 lan-

220 2234 352 2298 ceolatis
374 2215 640 2314 rraenrbranaceis,
661 2233 772 2298 fructu
793 2237 888 2298 orato
919 2232 1037 2313 calycis
1058 2231 1213 2298 dentibus
1230 2232 1385 2297 brevibus
1404 2246 1486 2312 supe·

221 2327 302 2398 rato,
321 2321 442 2387 aculeis
459 2322 613 2404 jugorum
640 2321 908 2387 secundariorum
937 2319 1100 2386 subulatis
1128 2321 1265 2386 trilrriis
1293 2320 1413 2385 scabris
1430 2319 1486 2400 glo

219 2409 370 2476 obidiatis
399 2411 525 2476 tructos
547 2408 707 2475 diametro
736 2408 948 2491 longioribus,
975 2411 1070 2492 stylis
1094 2408 1303 2476 brevissimis
1323 2416 1357 2487 Θ
1381 2405 1485 2474 Torilis

218 2499 446 2580 clrrpsocurpo
465 2497 569 2563 Boiss.
590 2504 622 2564 et
642 2497 688 2564 Bl.
711 2499 824 2580 Diagn.
846 2497 916 2563 Ser.
935 2497 975 2578 ΙΙ,
996 2503 1025 2570 l.
1047 2518 1077 2582 p.
1097 2499 1149 2564 98.

257 2609 331 2663 Hab.
347 2609 376 2662 in
389 2607 475 2662 cirltis
489 2611 516 2662 et
529 2607 661 2662 clamosis
675 2607 780 2662 Libani
800 2608 831 2662 in
851 2607 930 2664 valle
949 2607 1133 2679 Magdouche
1155 2625 1244 2680 supro
1268 2609 1415 2674 Sidonem,
1426 2608 1488 2662 circa

222 2679 313 2744 Edem,
328 2679 359 2733 in
374 2679 453 2734 valle
469 2679 604 2734 Kanobin
619 2679 667 2748 (Bl
679 2681 706 2747 l),
727 2680 758 2733 in
777 2680 857 2750 agris
871 2680 952 2734 Meso
976 2680 1093 2735 otamiae
1113 2696 1205 2752 prope
1219 2681 1270 2736 Rir
1282 2681 1354 2736 etin
1368 2677 1485 2735 dumosis

222 2752 331 2805 montis
345 2751 615 2834 Avroman-Persiae
629 2749 767 2805 occident.
782 2751 831 2806 alt.
846 2751 925 2806 4000*
942 2753 955 2820 (
986 2751 1077 2806 aussk
1084 2753 1111 2821 l).

258 2845 363 2900 Planta
376 2846 482 2900 similis
500 2845 625 2902 Torilirli
639 2845 779 2917 nepteeae
790 2845 823 2900 R.
840 2850 869 2901 et
883 2845 960 2914 Seb,
983 2847 1035 2902 sed
1058 2843 1097 2902 ab
1122 2850 1156 2903 ea
1169 2848 1304 2920 specifice
1320 2845 1406 2912 striis
1418 2843 1487 2900 valde

222 2916 404 2970 abbreviatis
418 2933 470 2971 nec
482 2917 665 2986 longissimis
678 2921 707 2971 et
720 2919 851 2986 generice
862 2917 892 2988 ju
916 2918 940 2972 is
952 2918 1101 2989 primariis
1112 2918 1250 2973 setulosis
1262 2917 1423 2972 manifestis
1430 2917 1487 2986 juga

105 3041 107 3046 .
223 2988 397 3042 secundaria
411 2989 617 3060 separantibus
631 2988 852 3059 distinguenda3
865 3005 882 3043 a
895 2934 925 3043 ξ’.
939 2987 1122 3071 leptopbplbt
1134 2995 1163 3044 et
1174 2990 1314 3044 affinibus
1327 2985 1488 3058 meriearpiis

222 3059 321 3113 ovatis
335 3074 388 3113 nec
404 3059 564 3114 linearibus
577 3059 737 3114 discedens.
751 3059 852 3114 Caulis
870 3059 1053 3131 t-epedans,
1075 3062 1284 3132 meriearpium
1305 3059 1428 3114 alterum
1445 3071 1488 3112 see

227 3130 348 3201 pissime
362 3136 394 3184 ut
406 3130 436 3184 in
455 3129 484 3184 T.
501 3127 633 3202 neplectd
647 3131 775 3186 breviter
789 3130 987 3202 pappulosum
1001 3147 1054 3187 neo
1066 3132 1242 3188 aculeatum.
1256 3130 1361 3187 Aculei
1376 3129 1489 3202 juniores

226 3201 316 3267 aurei,
330 3200 466 3256 infructu
479 3207 596 3256 maturo
609 3200 710 3256 albidi.

271 3298 317 3380 til
341 3296 499 3378 brectpes.
530 3335 565 3345 -
591 3298 772 3364 Pedunculi
802 3298 975 3365 incrassati
1003 3299 1079 3366 tolio
1106 3301 1233 3366 anillari
1264 3300 1438 3365 breviores.
1458 3330 1488 3342 -·

230 3386 349 3451 l'ortlr‘s
365 3387 492 3451 reodoao
510 3388 654 3468 Kotscby
674 3385 803 3470 Grpern
825 3407 855 3470 p.
877 3389 941 3454 306
957 3407 1022 3454 non
1041 3389 1075 3453 L.

261 3496 337 3551 Hab.
351 3497 381 3550 in
395 3497 491 3569 Cypro
506 3499 536 3552 in
549 3498 690 3552 fruticetis
704 3499 778 3552 inter
790 3497 922 3553 Massoto
936 3502 967 3554 et
979 3499 1061 3554 Moni
1074 3497 1143 3572 (Ky.
1156 3515 1217 3555 ens.
1233 3499 1326 3560 568ll.

261 3591 421 3647 Evidenter
435 3591 571 3648 Caucaltr
583 3609 636 3648 nee
652 3591 765 3648 Torittr.
779 3592 933 3664 Spectmen
949 3609 1099 3650 mancum.
1114 3595 1161 3648 An
1173 3593 1288 3665 speeies
1301 3591 1451 3648 distinctal

585 3835 777 3909 runonnn
805 3835 927 3930 (norm.
957 3835 1043 3909 unt.
1075 3837 1142 3929 sa).

271 4006 371 4089 Calyx
401 4007 602 4073 5-dentatns.
626 4009 743 4086 Petale¹
759 4009 896 4074 obovate
921 4010 1120 4092 emarginata
1138 4029 1210 4077 cunr
1226 4013 1365 4080 lucinula
1380 4013 1489 4088 interl

223 4097 390 4161 exteriora
414 4096 574 4161 radiantia
602 4097 807 4178 inaequaliter
830 4098 948 4163 biloba.
979 4099 1120 4165 Fructus
1147 4121 1165 4165 a
1192 4102 1296 4167 latere
1324 4107 1488 4169 contractus

226 4185 445 4266 subdidymus
471 4186 511 4250 ad
536 4186 794 4250 commissuram·
810 4188 1017 4252 constrictus.
1047 4188 1239 4271 Mericarpia
1265 4191 1356 4274 jugis
1373 4195 1390 4257 t
1409 4188 1487 4272 rapte

225 4274 385 4353 contiguis
405 4273 619 4339 tuberculatis
635 4274 686 4338 vel
704 4274 870 4344 aculeatis.
893 4276 1030 4357 reliquis
1046 4283 1173 4360 septem
1189 4278 1377 4346 dorsalibus
1395 4276 1486 4346 ren·
1532 4283 1533 4326 i

227 4359 307 4423 riam
327 4361 482 4426 aculeatis
499 4363 620 4427 aculeis
638 4363 893 4445 subsequendus.
914 4363 1010 4430 Villae
1027 4365 1090 4431 snb
1103 4367 1192 4448 jugis
1210 4369 1412 4435 secundariis
1429 4363 1485 4434 soli·
1530 4327 1533 4458 d

229 4448 326 4511 turias.
348 4448 509 4514 Albumen
531 4452 724 4516 involutum.
741 4487 780 4497 —
794 4451 909 4517 'Herba
925 4471 1034 4520 annua
1051 4455 1176 4536 scabra,
1194 4457 1335 4522 lloribus
1355 4458 1429 4523 albis
1448 4449 1484 4514 tel

229 4537 543 4616 purpurascentibus
562 4539 706 4611 minutis,
723 4539 862 4606 floribus
880 4541 1067 4610 umbellulae
1082 4545 1283 4612 neutralibus
1301 4545 1450 4614 masculis
