3334 5176
221 315 275 372 498
735 322 945 364 nneunrvosm.
1020 305 1205 378 Astroqalus
1219 304 1308 376 [XCI.
1320 304 1502 377 Cyrtobasis.

222 433 410 502 lanceolstis
437 433 594 510 hirsutis,
620 429 742 498 foliolis
759 429 918 514 6-8·jugis
936 428 1236 514 oboram-oblongis
1255 431 1503 515 mucronalatis‚

223 524 322 608 spicis
348 521 459 587 densis
480 520 672 587 exilioribus
693 519 884 600 sessilibus,
904 518 1046 584 bracteis
1067 519 1169 602 longis
1186 519 1377 598 linearibus,
1397 521 1504 603 calyce

223 611 430 680 albo-villoso
460 611 554 692 longo
579 609 733 675 dentibus
759 606 995 690 nigricantibus
1021 607 1131 674 ebasi
1148 608 1324 674 lanceolata
1342 609 1504 675 subulatis

222 701 257 767 in
279 718 397 767 conum
425 698 678 768 conniventibus
705 696 838 762 dimidio
858 695 937 762 tubo
955 697 1169 779 longioribus,
1185 697 1296 762 vexilli
1315 698 1423 781 calyce
1439 717 1504 763 non

222 789 379 873 longioris
408 788 528 854 lamini
552 790 648 853 ovati
667 787 805 868 integri,
822 784 883 850 alis
902 784 1041 867 integris
1056 785 1213 852 vexillum
1233 785 1504 870 subaequantibus

223 878 335 945 carini
359 877 415 942 vix
443 876 666 960 longioribus,
689 874 800 940 ovorio
825 873 1049 940 hirsutissimo
1078 874 1251 942 subsessili
1271 868 1504 942 subbiloouluri

223 967 460 1044 8·10-ovulato,
479 965 643 1048 legumine
651 1008 750 1027 .....
764 968 806 1034 ll.

258 1078 333 1133 Hab.
345 1077 376 1132 in
388 1075 593 1132 Turlvestoniac
603 1075 757 1132 montibus
767 1074 871 1147 Mogul
880 1075 946 1131 Tau
955 1073 1134 1144 (Semerzow
1142 1076 1163 1144 l)
1177 1074 1383 1144 (Vid.fr11stul.
1396 1080 1425 1132 et
1435 1091 1505 1132 ana·

222 1148 314 1220 lysim
327 1149 357 1203 in
371 1148 452 1204 herb.
468 1147 585 1216 Bung.).
628 1201 635 1214 ,

260 1233 368 1290 Caules
378 1232 439 1288 23-
461 1232 605 1299 allicereS,
614 1231 744 1303 petiolus
755 1230 874 1286 tandem
885 1228 1077 1302 bipollicar'n,
1088 1227 1193 1285 foliola
1199 1230 1396 1302 majora6lin.
1406 1231 1505 1303 longa,

222 1305 312 1375 calyx
331 1305 413 1359 lli-ll
434 1249 528 1358 ffneas
545 1302 655 1373 longus
674 1301 814 1358 dentibus
832 1301 916 1356 blin.
934 1301 1040 1370 longis,
1056 1301 1166 1370 vagina
1179 1302 1325 1357 staminea
1337 1305 1505 1360 transverse

221 1376 332 1447 calycis
341 1375 408 1430 basi
419 1374 529 1429 adnata
539 1389 607 1429 cum
618 1373 674 1428 alis
684 1377 713 1428 el
722 1372 822 1428 carine
833 1387 869 1426 ex
885 1372 949 1442 ejus
962 1371 1073 1442 angulo
1086 1375 1206 1428 externo
1219 1373 1290 1427 oriri
1303 1372 1420 1428 videtur
1432 1373 1504 1430 dum

222 1453 337 1503 stamen
357 1445 522 1502 solitarium
538 1459 606 1500 cum
625 1444 729 1500 ovorio
744 1447 773 1500 et
794 1441 906 1498 vexillo
926 1458 962 1498 ex
981 1443 1092 1512 angulo
1109 1443 1224 1498 interno
1247 1442 1357 1513 oalycls
1380 1445 1506 1501 oriunda

222 1519 301 1573 sunt.
316 1516 434 1573 Corolia
446 1531 603 1588 purpurea.

484 1711 655 1794 Astropoli
670 1711 794 1793 species
812 1710 953 1778 obscuro
966 1709 1261 1793 pretermittenda.

269 1861 307 1927 A.
324 1863 561 1945 crpptororpos
581 1859 658 1944 (no.
678 1860 768 1926 Astr.
789 1872 825 1926 n⁰
844 1862 896 1926 82.
924 1897 961 1907 -
987 1858 1104 1924 Prodr.
1122 1879 1152 1942 p.
1174 1859 1254 1944 296)
1274 1861 1411 1926 floribus
1429 1861 1507 1927 soli·

112 1963 118 1986 ⁸
224 1951 317 2018 turiis
346 1949 538 2016 axillaribus
564 1949 758 2030 latentibus,
785 1950 1006 2032 leguminibus
1030 1949 1134 2014 ovatis
1158 1948 1296 2016 hirsutis
1317 1948 1505 2032 dispermis,

224 2039 342 2106 foliolis
363 2039 522 2122 bii-jugis
550 2038 730 2104 linearibus
757 2039 957 2123 stipulisque
984 2035 1190 2120 glaberrimis
1212 2049 1240 2112 5.
1275 2036 1506 2119 Tropocoatlre

225 2126 406 2194 Orientalis
425 2124 613 2192 humillimo
623 2126 727 2208 foliis
755 2126 848 2192 liciae
863 2127 986 2194 Tourn.
1005 2123 1078 2191 (lor.
1099 2127 1150 2192 29.

259 2237 337 2292 Hab.
351 2237 382 2292 in
395 2236 536 2292 Armenia
548 2236 696 2308 (Tournt).
1042 2282 1046 2290 .

257 2322 427 2394 specimina
439 2319 521 2376 herb.
535 2319 672 2377 Tournef.
697 2321 813 2395 absque
825 2321 896 2378 llore
909 2325 938 2377 et
950 2321 1047 2377 fructu
1059 2335 1118 2377 non
1132 2320 1309 2377 extricando.

613 2505 1124 2638 ommmmm

270 2731 372 2815 Calyv
399 2731 573 2798 tubulosus
594 2729 646 2794 vel
661 2731 918 2812 campanulatus.
946 2730 1056 2796 Patala
1077 2733 1278 2814 longiuscule
1298 2733 1506 2815 unguiculata

227 2821 329 2888 libera
346 2821 492 2886 decidua.
518 2818 682 2884 Vexillum
702 2818 989 2900 ovalo-oblongum
1002 2821 1053 2884 vel
1066 2821 1257 2887 orbiculare.
1283 2819 1399 2888 Carina
1415 2824 1507 2906 apice

226 2911 375 2976 acumine
403 2909 454 2974 vel
481 2923 636 2974 mucrone
665 2905 853 2974 subdorsali
880 2914 990 2975 erecto
1015 2909 1067 2973 vel
1088 2927 1226 2975 recurvo
1246 2911 1505 2993 appendiculata.

226 2997 339 3082 Stylus
359 2998 481 3081 glaber,
498 2995 616 3077 stigma
633 2996 767 3061 uvidum.
801 2993 966 3077 Logumon
994 2998 1110 3063 sessile
1132 2998 1183 3063 vel
1203 2998 1389 3082 stipitatum
1403 3001 1507 3082 turgi-

227 3086 341 3154 dulum
360 3086 488 3150 bivalvo
507 3085 628 3166 saepius
650 3084 849 3150 uniloculare
874 3088 991 3152 sutori
1009 3090 1128 3152 neutri
1144 3087 1309 3170 scptileri,
1324 3089 1433 3155 rarius
1450 3109 1508 3156 su-

226 3178 303 3240 turi
317 3173 455 3239 ventrali
471 3173 639 3238 interdum
656 3172 752 3237 etiam
769 3171 892 3238 dorsali
909 3174 1074 3258 septiforis
1088 3175 1173 3243 sorni
1185 3177 1237 3242 vel
1256 3177 1442 3244 bilocularo.
1462 3215 1507 3224 —

226 3263 345 3327 Herbae
363 3279 536 3345 perennes,
556 3261 722 3326 interdum
742 3261 941 3340 sullrutioes,
957 3263 1042 3329 soliis
1061 3265 1096 3329 iu
1117 3266 1239 3332 nostris
1258 3285 1391 3349 semper
1406 3267 1508 3349 impa-

227 3351 410 3434 ripinnatis,
429 3350 516 3432 pube
536 3367 668 3432 sempor
688 3349 839 3432 simplici.
855 3388 896 3396 —
916 3349 1028 3418 Genus
1049 3352 1088 3418 ab
1101 3353 1380 3438 Astropcligrege
1393 3353 1509 3421 Phorci

226 3441 259 3506 ei
276 3437 505 3521 proplotlide
535 3439 645 3503 carini
664 3441 855 3504 mucronata
876 3444 1002 3506 tantum
1021 3441 1203 3507 discedens.

557 3663 745 3745 Speciorum
765 3663 985 3732 Orientalium
997 3666 1181 3748 dispositio.

227 3827 318 3894 Scor.
339 3826 363 3892 Ι.
386 3827 619 3893 Eooxvraorvs.
638 3825 704 3907 ch
723 3825 757 3890 in
778 3825 839 3892 litt.
869 3865 901 3874 -
920 3827 1046 3894 Sutzcro
1065 3829 1224 3896 centralis
1244 3830 1414 3914 septifera,
1430 3833 1511 3899 dor-

450 3914 533 3980 salis
549 3913 712 3996 septifera
730 3915 781 3982 rei
796 3915 897 3981 nardo.

388 4065 402 4092 *
438 4046 573 4135 Acaules,
588 4063 706 4138 stipulae
722 4065 887 4138 petiolares,
900 4067 986 4123 flores
1000 4069 1141 4140 purpurei
1154 4068 1202 4124 vel
1215 4069 1346 4126 violacei.

695 4178 727 4242 -Ι-
764 4173 1040 4244 Calyxtubulosus.

228 4283 259 4342 0.
287 4279 582 4351 procreaturae.

625 4394 657 4459 -l-
697 4396 728 4459 4
767 4391 1111 4466 Calyxcompanulalus

227 4499 259 4558 0.
278 4497 416 4570 Aucberi,
427 4497 570 4570 Szoeitsir,
582 4497 800 4572 chrysocarpon,
814 4499 996 4575 bppsopbile.
