3274 5182
131 377 487 452 Mesembryaatircmum.
690 389 845 436 nicomas.
907 385 909 390 '
1356 385 1411 441 765

168 499 247 555 Hab.
267 499 299 555 in
316 499 470 564 sederatis,
489 501 622 556 arenosis
635 501 792 556 maritimis
804 503 834 557 et
847 517 866 556 a
880 517 961 558 maro
981 518 1041 559 non
1064 503 1152 575 longe
1170 505 1299 574 remotis,
1312 505 1409 560 Attica

132 569 256 640 (Heldri
282 570 401 644 Orphi),
428 571 651 644 Peloponnesus
671 571 799 642 (Boryl)‚
819 572 906 629 Creta
923 574 1042 644 (Rani.)
1070 575 1282 647 Archipelagus
1304 575 1410 645 (Ura),

132 641 251 714 Cyprus
264 641 331 712 (Ky.
344 641 406 710 861)
427 641 513 713 Syria
525 642 631 712 (Auch.
645 643 716 700 26i0
727 645 746 712 i)
754 643 821 699 etin
829 647 928 700 monte
939 617 1074 709 Cermalo
1084 646 1183 715 (Boiss
1191 649 1219 716 i),
1232 647 1342 702 Arabia
1354 647 1409 702 Pe-

132 716 196 768 trea
209 711 349 784 (Schimp.
364 685 449 784 2950,
459 713 606 785 AEgypius
619 714 658 769 ad
668 714 879 770 Alexandriam
893 715 1016 785 [Forski
1032 715 1135 773 Cadetl
1148 717 1264 788 Gauii),
1279 716 1409 789 Babylo-

134 784 185 840 nia
199 783 238 840 ad
249 783 454 840 Mohammcra
465 785 575 854 (Noai).

167 879 213 934 Ar.
228 879 328 950 ticonr.
339 879 449 936 insulae
463 879 664 946 Canarienses‚
674 880 820 953 Hispania
828 885 858 936 et
866 879 1026 952 Lusitania,
1038 881 1140 938 Gallia
1152 883 1299 955 australis,
1313 883 1412 940 Corsi-

132 965 168 1006 ca
180 951 209 1005 et
220 949 364 1021 Sardinia,
379 951 465 1007 ltalia
476 951 623 1022 australis,
634 951 791 1024 Dalmatia,
804 951 901 1008 Africa
915 953 1040 1009 borealis
1052 957 1081 1008 et
1094 955 1241 1011 australis.

180 1149 209 1214 3.
234 1149 287 1215 Μ.
306 1148 568 1217 Porskahlei
584 1149 733 1230 (Hochst.
759 1152 794 1216 in
822 1150 962 1235 Schimp.
988 1152 1030 1236 pl.
1060 1151 1159 1218 Arab.
1184 1170 1252 1218 ess.
1273 1152 1330 1218 Ed.
1352 1151 1411 1236 ΙΙ.)

134 1236 344 1321 papillosum‚
364 1239 464 1305 ramis
481 1237 639 1305 brevibus
658 1240 779 1306 crassis
797 1241 943 1306 carnosis
958 1240 1159 1324 dichotomiis,
1178 1241 1263 1306 loliis
1279 1243 1410 1324 opposi-

133 1327 178 1393 tis
195 1327 352 1394 breribus
375 1328 496 1394 crassis
519 1327 679 1394 teretibus
708 1329 927 1395 canaliculatis
957 1329 1076 1396 conicis
1105 1329 1332 1413 superioribus
1353 1330 1409 1396 de·
1493 1403 1497 1414 ,

134 1415 356 1497 currentibus
369 1415 506 1483 floribus
521 1417 556 1482 in
571 1415 775 1483 dichotomiis
791 1418 1084 1502 terminalibusque
1101 1418 1339 1502 pedunouiatis‚
1356 1437 1409 1485 ca-

133 1503 215 1586 lyois
234 1505 359 1571 laciniis
379 1505 499 1571 conicis
516 1505 781 1590 subaeoaii'ongis,
802 1505 918 1590 petalis
942 1507 1049 1590 calyce
1073 1508 1338 1590 sublongioribus
1357 1515 1407 1586 Θ.

134 1593 178 1658 Μ.
198 1592 464 1680 peniculifiorian
478 1594 591 1660 Forsk.
610 1594 682 1678 AEg.
699 1593 802 1661 Arab.
825 1614 854 1678 p.
876 1596 945 1660 98?
962 1614 1026 1661 non
1046 1595 1081 1660 L.

171 1703 247 1759 Hab.
270 1704 301 1758 in
324 1705 457 1760 arenosis
482 1683 637 1760 maritimis
661 1718 754 1832 prope
777 1705 906 1761 Dahahb
926 1705 1045 1762 Arabiae
1065 1707 1175 1762 Petreae
1188 1706 1356 1781 (Schimpi),
1369 1709 1408 1764 ad

134 1774 232 1830 Ouadi
244 1775 271 1830 ei
283 1774 363 1831 Elisr
374 1790 427 1846 pro
449 1791 465 1830 e
484 1775 606 1831 Kosseir
618 1777 650 1832 in
674 1778 758 1832 itione
774 1776 948 1848 AEgyptiaco
962 1777 1054 1832 maris
1066 1777 1158 1834 Rubri
1168 1777 1335 1862 (Schweini.
1345 1795 1407 1836 exs.

133 1845 207 1972 r{50
219 1846 276 1902 sub
287 1845 328 1902 Μ.
348 1845 408 1902 nod
415 1847 421 1857 '
440 1845 528 1916 oroi).
540 1847 637 1918 Vulgo
652 1847 766 1904 Samm.
780 1847 978 1904 Escminibus
991 1848 1086 1904 farina
1094 1849 1164 1921 pani
1173 1851 1338 1907 inserviens
1355 1866 1409 1923 pa-

183 1933 226 1973 ur.

169 2002 215 2058 Ex
228 2001 439 2073 speciminibus
452 2002 603 2059 exsiccatis
616 2017 694 2074 aegre
708 2001 949 2074 describendum,
963 2003 1039 2058 rami
1054 2004 1096 2058 eis
1109 2003 1148 2059 M
1147 2045 1152 2055 .
1165 2003 1306 2131 aodiyiori
1315 2005 1406 2078 triplo

134 2072 302 2143 crassiores
313 2077 345 2128 ut
354 2073 471 2129 videtur
480 2073 568 2130 vaide
581 2074 696 2130 carnosi
710 2074 883 2130 internodiis
895 2074 1089 2144 brevissimis
1099 2074 1171 2130 iolia
1180 2091 1230 2130 mu
1244 2078 1273 2132 to
1283 2077 1411 2132 crassio-

133 2160 169 2201 ra
180 2144 320 2200 irrienora
332 2144 468 2216 pollicem
482 2144 532 2200 ion
555 2163 580 2216 a,
593 2144 707 2202 iioralia
724 2146 831 2201 saitem
844 2145 931 2201 vaide
944 2145 1135 2216 decurrentia,
1152 2146 1239 2202 tiores
1252 2150 1281 2203 et
1293 2148 1406 2204 fructus

133 2215 226 2288 duplo
238 2216 371 2287 majores.
383 2215 519 2271 Plantam
530 2161 702 2272 igorskahiei
712 2217 751 2272 ab
762 2231 862 2272 eonon
873 2217 1050 2288 descriptam
1061 2216 1118 2272 huc
1130 2217 1299 2273 dubitanter
1311 2218 1405 2274 addu-

133 2302 180 2354 oo;
193 2301 231 2342 ex
243 2301 277 2341 eo
290 2301 381 2358 prope
389 2287 561 2358 Pyramides
573 2287 693 2343 Kahirac
705 2287 814 2350 crescit,
828 2283 943 2344 Gdasai
953 2288 1124 2344 nominatur
1141 2293 1169 2343 et
1187 2303 1224 2344 ex
1238 2290 1301 2361 eJ'us
1315 2289 1403 2345 serni-

133 2357 223 2414 nibus
235 2357 332 2412 farina
347 2361 473 2429 paratur.
482 2357 564 2414 -Μ
576 2357 778 2430 palatarum
799 2356 831 2413 L.
848 2363 894 2414 est
906 2359 1016 2431 species
1029 2359 1173 2432 Capensis
1192 2359 1405 2432 diversissima,

134 2429 346 2496 anastasin
360 2428 489 2500 AEgypto
505 2445 556 2501 per
569 2445 697 2486 errorem
714 2429 849 2484 indicata.

560 2661 699 2736 iizooit
726 2661 770 2752 (i.
791 2661 867 2736 Gon.
890 2661 978 2754 tit).

178 2831 418 2916 Calycistubus
444 2834 629 2904 turbinatus
649 2833 700 2900 vei
725 2833 992 2918 hemisphericus
1024 2835 1136 2903 ovorio
1161 2855 1228 2904 non
1254 2837 1405 2921 adactus,

133 2922 254 2989 limbus
274 2924 460 3006 5-partitus.
492 2924 603 2989 Petaia
622 2923 720 2988 nulla.
748 2923 892 2990 Stamina
917 2942 1092 2991 numerosa
1119 2927 1238 3010 calycis
1261 2927 1345 2994 sauci
1372 2929 1407 2995 in

133 3012 311 3097 phalanges
326 3011 409 3078 iobis
425 3013 624 3078 alternantes
642 3012 836 3078 fascicuiata.
857 3009 998 3095 Capsula
1015 3015 1174 3082 suberoso
1194 3017 1245 3082 vel
1262 3017 1406 3084 coriacea

134 3102 243 3185 calyce
261 3101 459 3185 persistente
476 3101 579 3167 cincta
595 3100 783 3167 5·iocularis
799 3102 888 3184 apice
905 3101 1073 3168 loculicide
1088 3108 1120 3170 et
1132 3104 1286 3171 stellatim
1300 3106 1409 3172 dehis-

133 3207 222 3256 cens.
241 3226 282 3236 -
293 3188 411 3255 Herba
424 3189 473 3276 (in
491 3188 631 3272 nostris)
648 3191 881 3273 monooarpicae
899 3191 951 3256 vel
968 3191 1264 3275 subperennanies.

182 3405 210 3468 i.
234 3402 280 3471 Δ.
301 3402 595 3487 Hispanicum
624 3401 680 3487 (L.
705 3402 759 3486 Sp.
787 3401 875 3488 too)
894 3422 1039 3470 annuum
1070 3405 1265 3487 papillosum
1280 3405 1409 3484 ,mule

133 3491 292 3558 herbaceo
309 3496 416 3557 erecto
435 3491 625 3572 dichotomo,
637 3491 722 3558 foliis
738 3492 896 3575 oppositis
912 3493 1098 3558 lanceolatis
1116 3493 1252 3574 obtusis,
1266 3493 1404 3559 iioribus

131 3583 168 3648 in
183 3581 386 3648 dichotomiis
403 3579 667 3660 subpedicellatis
686 3580 851 3661 solitariis,
864 3581 981 3664 oaiyois
999 3581 1077 3647 tubo
1095 3582 1259 3648 turbinato
1279 3582 1406 3648 laciniis

131 3668 321 3736 lanceolatis
346 3667 504 3752 elongatis
528 3669 618 3735 intus
637 3669 754 3735 albidis
778 3676 825 3747 Θ.
855 3669 897 3735 Ic.
923 3689 983 3737 aa.
1002 3671 1052 3736 Pl.
1074 3669 1188 3738 Graes.
1208 3671 1276 3736 tab.
1299 3672 1351 3736 30.
1365 3708 1407 3717 —

134 3758 212 3825 Diil.
229 3759 342 3824 Elius.
358 3760 429 3824 ite.
446 3795 486 3804 -
499 3757 627 3823 Aizooa
645 3757 876 3840 sessilisiorum
889 3759 1022 3825 Maench.
1046 3795 1087 3806 —
1109 3757 1409 3843 ⁴iieacotdryoailte-

134 3865 227 3914 aman
242 3845 409 3929 Coptioam
423 3846 458 3911 L.
480 3846 535 3930 Sp.
558 3848 622 3913 688
642 3851 675 3912 ei
693 3846 791 3912 berbi

170 3957 248 4012 Hab.
268 3957 299 4012 in
320 3957 446 4013 collibus
465 3958 600 4012 cretaceis
619 3972 710 4029 prope
728 3956 841 4028 Aieppo
863 3955 1012 4026 (Haasski
1034 3957 1089 4028 Ky.
1108 3957 1174 4013 1461
1195 3957 1252 4014 sub
1264 3956 1403 4014 Mesemb.

134 4027 328 4101 crystallino),
347 4030 378 4084 in
391 4028 496 4084 Judaea
507 4029 582 4084 inter
595 4027 833 4110 Hierosolymam
850 4029 878 4082 ct
889 4027 1004 4084 iericho
1017 4031 1104 4112 atque
1124 4029 1155 4084 in
1168 4029 1279 4084 Arabia
1292 4029 1408 4084 Peiraea

132 4099 255 4170 Boiam),
272 4099 309 4154 ad
322 4099 491 4172 Palmyram
503 4098 589 4170 (Bll).
607 4101 637 4156 in
659 4099 817 4171 prov1noiis
833 4098 1087 4156 Transcauoasrois
1106 4100 1144 4156 ad
1165 4100 1306 4172 Caspium
1328 4100 1407 4156 inter

133 4169 221 4228 Baka
234 4174 262 4226 ct
274 4169 385 4226 Sallian
398 4172 477 4241 (CA.
492 4169 591 4240 Moy),
603 4171 702 4226 Persia
714 4169 835 4225 australi
848 4170 887 4226 ad
906 4169 1030 4226 Dalaohi
1043 4169 1113 4241 (Ky.
1127 4170 1218 4241 1901).

171 4265 217 4322 ds.
231 4264 331 4335 Goopn
351 4264 496 4337 Hispania
508 4265 657 4336 australis,
669 4265 767 4321 Africa
779 4264 917 4320 borealis,

183 4468 213 4533 2.
239 4467 285 4536 Δ.
306 4467 577 4536 Canariense
600 4466 650 4549 (L.
667 4466 724 4550 Sp·
741 4466 819 4551 700)
838 4484 982 4532 annuum
1008 4465 1258 4548 subpercnnaus
1275 4468 1410 4550 papilio·

136 4557 359 4638 so-viiiosum,
383 4557 529 4624 caulibus
559 4555 851 4640 procumbentibus
879 4553 1047 4621 interdum
1071 4555 1234 4622 induratis
1251 4557 1409 4623 flexuosis
