3090 5168
1377 167 1382 180 .
1433 13 1541 137 1

256 313 311 370 100
787 325 997 368 mebaracau.
1369 316 1521 392 Medicago.

254 439 308 506 Fr.
334 440 446 524 Suppl.
466 460 495 524 p.
516 441 589 505 569.
618 477 659 487 -
686 439 729 504 M.
743 437 927 521 pubescens
950 457 1011 505 nc.
1037 436 1103 506 Cet.
1127 441 1251 524 Moasp.
1275 477 1315 489 -
1336 440 1380 507 M.
1406 459 1521 524 rugosa

256 528 335 596 Urv.
358 530 474 595 Enum.
497 549 526 612 p.
543 531 585 596 98
603 549 669 595 non
686 528 774 594 Lem.

292 639 368 694 Hah.
381 639 411 694 in
424 639 509 694 cultis
525 639 613 694 totius
625 638 754 709 regionis
771 655 789 692 a
801 638 916 694 Graecia
928 638 1065 711 (Sprunl)
1087 642 1116 694 et
1128 639 1216 694 Archi
1238 639 1323 711 elego
1336 640 1418 710 (Urv.
1437 641 1520 714 Orpb

249 710 299 767 ΙΙΙ.
315 711 358 766 Gr
378 710 582 780 crassianae
596 709 731 765 Ciliciam
749 709 818 779 (Bal
830 711 858 778 l),
876 709 992 778 Syriam
1012 709 1171 766 littoralem
1184 656 1249 782 (Blil
1268 712 1347 767 Gaill
1357 714 1384 783 i),
1404 711 1521 768 Palesti-

255 797 326 838 nam
339 785 368 838 et
380 781 521 836 Arabiam
533 782 748 846 conterminam
761 796 813 852 pro
836 797 852 836 e
864 781 946 836 Gaza
957 781 1057 851 (Boiss
1065 785 1092 851 1).

290 855 336 910 dr.
351 853 449 924 aecer.
469 853 560 923 Begio
573 852 785 908 Mediterranea
823 867 923 924 uropae
936 855 966 908 et
977 851 1082 908 Africae
1095 852 1231 908 borealis.

299 1049 351 1115 ii.
375 1051 427 1116 Μ.
456 1049 776 1135 sphaerocarpa
791 1047 894 1132 [Bert.
915 1047 1038 1112 Amaen.
1057 1047 1115 1131 91)
1130 1047 1366 1132 glabriuscule,
1397 1052 1521 1136 stipulis

252 1138 427 1220 lacinieliS,
438 1139 555 1204 foliolis
574 1136 983 1206 eborata-cuneilormibus
996 1155 1083 1220 saepe
1098 1137 1231 1218 retusis,
1246 1139 1439 1222 pedunculis
1459 1145 1521 1208 1-1-

250 1227 344 1294 floris
363 1229 475 1293 lolium
496 1227 777 1310 subsequentibus,
806 1225 944 1292 iloribus
966 1225 1184 1292 mediocribus
1207 1231 1414 1310 corentinum,
1438 1232 1521 1314 legu-

251 1315 338 1382 mine
357 1316 469 1399 glebro
488 1315 621 1398 globoso
642 1317 694 1380 vel
717 1314 854 1380 ovoideo
873 1315 1029 1398 utrinque
1057 1333 1212 1398 convexo,
1239 1319 1340 1401 spiris
1360 1323 1417 1386 5·8
1437 1325 1521 1386 erate

252 1407 431 1485 concretio,
457 1406 602 1487 margine
622 1405 717 1488 pleno
741 1405 847 1470 medio
870 1405 1025 1486 parallelo
1052 1405 1239 1472 s-t-nervio
1268 1408 1372 1490 spinis
1403 1409 1522 1475 coaice·

249 1493 413 1560 subuletis
431 1495 578 1560 incurvis
606 1495 656 1559 rel
676 1495 773 1560 rectis
797 1492 963 1559 interdum
989 1492 1147 1558 abortivis
1175 1494 1344 1575 obsiloO.
1371 1499 1413 1564 lc.
1442 1499 1517 1564 Mor.

248 1580 296 1647 Fl.
316 1581 407 1648 Serd.
423 1583 485 1648 tab.
499 1581 551 1649 16.
567 1622 598 1630 -
629 1583 670 1648 M.
691 1582 857 1648 cleonicum
874 1580 1002 1647 Griscb.
1025 1581 1109 1665 Spic.
1131 1601 1197 1649 non
1216 1583 1287 1650 Blb.

284 1693 359 1750 Hah.
381 1695 523 1762 incultis,
548 1697 696 1770 Therapia
719 1711 809 1768 prope
832 1695 1008 1766 Byzantium
1030 1695 1328 1770 (lhuretllTlrrecia,
1341 1705 1371 1756 et
1384 1700 1520 1773 Bithynia

244 1765 369 1835 (Griseb
380 1769 400 1836 1)
417 1777 443 1822 et
456 1768 576 1838 probab.
591 1768 663 1824 alibi
675 1770 705 1823 in
719 1769 835 1824 Graecia
846 1767 1034 1840 etAnatolie.

282 1861 329 1918 Ar.
344 1862 442 1932 ileogr.
462 1862 553 1932 Regio
561 1862 773 1918 Mediterranea
786 1863 912 1934 Europae
925 1863 954 1916 et
966 1861 1073 1916 Atricae
1086 1861 1222 1918 borealia.

273 2059 343 2125 ,es
368 2059 419 2123 Μ.
440 2057 675 2125 turbinata
685 2059 700 2142 l
702 2057 811 2122 Willd.
832 2057 886 2140 Sp.
907 2057 964 2136 ΙΙΙ,
984 2075 1015 2140 p.
1032 2057 1130 2142 1109)
1148 2058 1273 2140 villose,
1288 2061 1422 2144 stipulis
1445 2063 1519 2132 den·

212 2196 218 2206 -
246 2149 333 2228 tetis,
365 2146 481 2212 foliolis
511 2146 658 2212 obovatis
684 2147 736 2213 rol
762 2145 993 2226 rhomboides,
1022 2146 1216 2229 pedunculis
1257 2151 1421 2218 l-B-ssoris
1447 2154 1519 2220 lolio

244 2236 521 2318 subtongiorious,
535 2235 673 2302 floribus
684 2235 914 2313 mediocribus,
925 2235 1088 2316 legumine
1100 2236 1262 2318 puberulo
1277 2239 1410 2306 tandem
1421 2241 1519 2308 iuter·

244 2326 323 2392 dum
341 2323 485 2408 glabreta
504 2323 637 2405 globoso
660 2325 713 2390 vel
733 2323 868 2390 ovoidco
888 2327 1044 2406 utrinque
1066 2341 1211 2391 convexo
1236 2327 1341 2409 spinis
1366 2329 1519 2398 subscnis

243 2414 415 2490 concretis
429 2413 573 2495 margine
590 2431 701 2480 cresso
722 2413 1099 2495 pleniusculo-uudolato
1114 2413 1230 2479 obtuse
1249 2416 1404 2483 uniuersi
1417 2419 1519 2502 spinis

243 2521 262 2570 e
281 2503 352 2569 basi
370 2507 481 2568 cresse
500 2503 619 2568 conicis
636 2501 793 2569 brevibus
810 2501 928 2567 erectis
955 2501 1007 2566 vel
1035 2502 1182 2568 incurvis
1210 2506 1318 2570 rarius
1341 2507 1519 2576 tuberculi-

241 2591 403 2659 iormibus
421 2592 472 2656 rel
492 2589 646 2658 obsoletis
661 2598 709 2670 Θ.
733 2590 775 2656 Ιο.
796 2590 874 2656 Mor.
898 2588 946 2655 Fl.
967 2588 1059 2656 Serd.
1088 2591 1152 2656 teb.
1170 2593 1212 2656 15
1228 2591 1264 2657 B.
1285 2592 1406 2678 (spinae
1424 2597 1519 2664 nimis

242 2680 382 2766 munes).
403 2717 447 2730 -
465 2680 514 2746 M.
539 2679 705 2745 merulento
723 2679 838 2744 Benlh.
865 2677 931 2744 Get.
955 2679 1031 2762 Pyr.
1052 2699 1091 2744 en
1109 2680 1233 2746 Willdl
1253 2719 1295 2729 —
1312 2683 1355 2747 M.
1375 2685 1519 2766 rrcgbcio

242 2768 340 2837 Guss.
365 2807 400 2816 --
421 2769 463 2835 M.
475 2769 694 2852 polprnorpnu
713 2787 780 2834 ver.
799 2767 970 2833 turbinato
989 2773 1020 2832 et
1034 2787 1103 2832 rer.
1124 2768 1289 2835 metricum
1309 2769 1344 2835 L.
1366 2771 1423 2856 Sp.

277 2881 391 2936 Habin
401 2881 487 2937 cultis
500 2879 696 2952 Peloponnesi
704 2884 731 2934 et
742 2880 779 2934 ad
788 2878 962 2948 Byzantium
974 2883 1024 2946 (ex
1034 2877 1141 2948 Sibth.)
1150 2879 1175 2934 Ε
1185 2879 1296 2936 ditione
1304 2883 1440 2938 nondum
1448 2886 1515 2942 vidi

245 2973 249 2982 '
276 2974 392 3048 Species
416 2993 432 3030 a
460 2975 501 3031 M.
524 2970 706 3032 tubercnlntci
732 2978 760 3028 et
778 2968 992 3045 epiuuocnrpd
1013 2973 1162 3044 legumine
1192 2977 1363 3047 pubescenti
1381 2984 1516 3052 margine

243 3045 496 3102 obtusenninervi
520 3062 572 3102 nee
594 3049 677 3101 acute
700 3045 854 3110 bii-nervi,
876 3043 985 3099 aculeis
1007 3045 1200 3100 crassioribus
1225 3047 1441 3120 diversissima,
1453 3068 1515 3109 meo

241 3132 332 3174 sensu
354 3119 449 3243 magis
470 3119 565 3172 affinis
587 3117 627 3173 M.
643 3115 777 3173 Gerardi
796 3119 922 3188 quacum
937 3131 1014 3170 arne
1034 3115 1097 3188 ipso
1111 3133 1189 3190 saepe
1203 3119 1325 3174 confuse
1344 3121 1408 3193 init,
1430 3124 1469 3178 ab
1482 3128 1515 3181 ee

241 3190 374 3260 margine
387 3205 405 3244 a
438 3189 568 3244 medinm
582 3188 719 3248 unirer-vi
737 3203 790 3242 nec
810 3185 974 3254 rotundato,
988 3187 1081 3259 spinis
1099 3187 1285 3246 brevioribus
1304 3191 1368 3247 basi
1381 3209 1443 3249 non
1457 3196 1515 3251 sul·

238 3259 312 3314 calis
325 3261 410 3316 rectis
428 3260 477 3314 vel
490 3260 620 3315 incurvis
637 3260 689 3314 sed
703 3273 761 3314 non
775 3258 920 3313 uncinatis
938 3257 1147 3329 dignoscenda.

273 3353 319 3411 Ar.
339 3355 437 3427 tleogr.
456 3356 547 3426 Regio
560 3355 774 3410 Mediterranea
784 3353 948 3425 Europaeet
961 3353 1067 3408 enicae
1077 3354 1212 3410 borealis.

283 3552 334 3615 it.
359 3551 410 3616 Μ.
438 3547 627 3617 Gerardi
654 3547 779 3634 (Willd.
811 3547 866 3632 Sp.
898 3547 955 3626 ΙΙΙ,
983 3566 1013 3631 p.
1044 3547 1144 3633 itte)
1170 3551 1362 3632 pubescens,
1380 3557 1512 3639 stipulis

234 3637 509 3717 inciso-dentatis,
540 3639 656 3703 foliolis
683 3636 981 3702 oboveto-cuneetis
1007 3637 1057 3702 rel
1088 3636 1289 3723 obcordetiS,
1317 3645 1530 3726 pedunculis

237 3727 533 3794 suborientium
557 3725 845 3810 subseqnentibus,
887 3724 1024 3790 floribus
1051 3726 1269 3795 mediocribus
1300 3725 1530 3818 aurantiecis,?

234 3815 397 3898 legumine
422 3816 812 3899 glanduloso-tamentoso
836 3813 944 3879 rarius
964 3813 1111 3895 glabreta
1137 3821 1232 3881 oveto
1255 3821 1412 3907 utrinque
1437 3795 1529 3932 eon-y¹

234 3922 318 3970 vexo
332 3905 448 3970 enervi
470 3905 574 3988 spinis
595 3903 748 3969 subsonis
766 3905 897 3980 crassis,
909 3903 1054 3983 margine
1067 3904 1241 3972 rotundato
1254 3909 1359 3992 spinis
1382 3914 1509 3995 sparsis

233 3996 352 4060 erectis
371 3993 658 4061 corrice-subruatis
679 3993 838 4058 uncinatis
857 3992 927 4058 besi
951 3990 1149 4058 subsulcetis
1174 3993 1280 4064 obsito
1296 4004 1344 4076 Θ.
1365 3999 1407 4066 lc.
1430 4003 1519 4068 Mor.-

232 4081 280 4147 Fl.
301 4083 393 4148 Serd.
424 4081 486 4148 teb.
516 4084 557 4148 bs
585 4081 704 4166 (spinis
733 4082 829 4158 nimis
859 4079 1039 4164 tenuibus).
1070 4118 1112 4127 -
1137 4079 1180 4145 M.
1208 4083 1319 4166 rigido
1349 4089 1437 4157 lem.
1466 4129 1510 4142 -

232 4169 276 4236 M.
295 4170 427 4237 birecctn
443 4171 561 4238 Thuill.
585 4208 617 4218 -
641 4169 684 4236 M.
699 4167 922 4252 polymorpho
938 4187 1013 4234 ver.
1038 4168 1186 4249 repedate
1202 4171 1237 4236 L.

268 4284 343 4341 Hab.
357 4286 388 4341 in
403 4285 488 4341 cultis
511 4289 540 4341 et
551 4285 677 4340 collibus
699 4283 788 4340 aridis
808 4285 899 4339 totius
916 4284 1036 4339 ditionis
1056 4301 1073 4338 a
1090 4285 1219 4342 Gracia!
1245 4293 1273 4344 et
1285 4289 1460 4352 Macedonia
1474 4297 1508 4354 ad

231 4353 349 4428 Syriam
362 4357 400 4412 ad
413 4355 467 4412 Ale
490 4372 528 4428 po
541 4360 570 4412 el
583 4355 828 4429 Mesopotamiam
845 4354 1005 4424 (Heusskl)
1017 4356 1046 4409 et
1056 4355 1234 4413 Damascum
1247 4361 1376 4434 (Gailll).
1392 4365 1510 4440 AEgyp-

230 4427 295 4483 tum
315 4428 440 4553 31110115),
485 4429 598 4483 auriam
628 4432 658 4482 et
687 4443 768 4498 prov.
793 4426 842 4480 Cis
868 4429 898 4488 et
918 4425 1179 4483 Transcaucasicas
1199 4429 1345 4503 (Ledeblt,
1369 4432 1509 4496 Persium

213 4523 217 4532 ·
232 4497 321 4554 borea
335 4515 382 4554 em
395 4513 486 4571 prope
498 4499 633 4554 Teheran
646 4498 758 4586 (Bgel).
773 4495 816 4552 Fl.
830 4500 898 4569 Apr.
911 4495 978 4552 lllai.
1082 4527 1084 4534 ,
