3194 5178
212 337 267 394 138
651 351 862 394 0000010000.
935 337 1118 410 Astrayalus
1135 337 1235 408 (va.
1248 336 1502 408 Ouobrychiumy.

212 460 441 527 crassiusculis
467 461 575 544 calyce
595 461 760 545 subdupla
789 460 992 544 longioribus
1018 460 1345 544 oblongo-triquetris
1368 461 1403 526 iu
1426 479 1503 527 ros·

211 553 300 616 trum
322 550 560 616 subincurvum
579 551 757 616 attenuatis
774 549 873 616 dorso
890 549 1026 616 sulcatis
1048 558 1091 621 lt.

247 659 324 715 Hab.
339 661 369 716 in
379 659 602 732 Mesopotamia
613 661 736 724 desertis
749 660 787 715 ad
798 660 923 716 ssuvium
934 660 1067 728 duabus,
1080 659 1119 715 ad
1131 660 1354 731 pedemmontis
1364 659 1503 732 Singarae

212 735 241 787 et
253 747 345 804 prope
357 732 489 788 Derbent
501 732 512 786 i
525 732 635 787 Basian
648 731 786 802 (Haussk
796 734 824 802 1).

246 813 338 870 Valde
356 814 452 870 affinis
474 813 511 870 A.
533 813 646 872 Kolscb
667 829 727 871 ano
746 829 836 886 aquo
848 816 956 886 praeter
975 813 1075 869 caules
1094 817 1124 869 et
1136 811 1319 885 pedunculos
1334 814 1502 869 crassiores

211 885 287 942 mihi
299 885 399 942 diliere
412 887 530 942 videtur
542 831 680 970 00011οἔ0
699 885 859 940 fructiferis
879 885 1067 940 densioribus
1088 901 1167 958 saepe
1180 883 1420 968 sesquipollicem
1433 884 1505 940 lon·

213 958 267 1028 gis,
287 957 453 1042 prasertim
474 957 678 1029 legumrnibus
700 957 796 1026 magis
822 957 931 1012 strictis
953 956 1140 1026 longioribus
1161 956 1356 1012 crassioribus
1370 955 1505 1026 (1-5110.

212 1029 311 1099 longis
324 1028 537 1102 sesquilineam
551 1029 641 1083 diam.
654 1028 744 1097 latis).
1341 1045 1343 1050 ·

436 1247 475 1321 c.)
497 1248 643 1304 Elatiores
656 1279 690 1287 —
703 1246 809 1303 Caules
820 1246 890 1302 elati
903 1245 1095 1302 ascendentes
1108 1245 1158 1301 vel
1170 1247 1265 1302 erecti.

258 1372 332 1436 sal.
358 1371 403 1440 11.
425 1370 619 1438 collinus
639 1369 760 1454 [Boias.
779 1369 813 1434 in
832 1367 900 1434 Bel.
919 1368 963 1450 pl.
990 1369 1074 1432 1856
1103 1366 1188 1450 exs.)
1210 1366 1370 1451 adpresse
1395 1387 1506 1438 canus

210 1462 263 1526 vel
280 1477 465 1539 canescens
485 1457 634 1524 caulibus
653 1456 908 1523 ascendentibus
938 1457 990 1522 vel
1017 1456 1164 1536 diffusis,
1198 1457 1329 1540 stipulis
1348 1460 1505 1525 connatis

209 1549 358 1614 breviter
372 1547 569 1624 0000010110,
588 1548 706 1612 foliolis
729 1547 932 1628 lc-la-jugis
955 1545 1309 1629 clliptico-linearibus,
1338 1546 1500 1614 loliorum

211 1638 405 1704 inferiorum
421 1635 580 1718 oblongis,
604 1635 798 1719 pedunculis
823 1635 899 1701 solio
923 1634 1143 1720 longioribus
1176 1635 1325 1716 capitulis
1345 1635 1501 1703 breviter

211 1727 316 1792 ovatis
343 1719 473 1791 tandem
500 1725 647 1808 oblongis
678 1723 882 1798 laxiusculis,
907 1724 1026 1804 calycis
1053 1723 1213 1806 adpresse
1233 1725 1306 1790 albo
1327 1729 1360 1789 et
1382 1725 1500 1808 nigro-

210 1816 289 1881 hirti
308 1814 462 1880 dentibus
482 1813 645 1880 subulatis
675 1813 807 1879 dimidio
830 1813 908 1878 tubo
926 1811 1204 1894 sublougioribus‚
1235 1813 1353 1879 vexillo
1376 1814 1500 1880 lineari

208 1909 359 1970 truncato
379 1903 429 1968 rel
449 1907 560 1968 retuso
579 1905 689 1988 calyce
706 1903 804 1984 triplo
821 1901 968 1982 longiore
984 1901 1044 1966 alis
1066 1902 1338 1984 sesquilongiore,
1356 1903 1504 1984 legumi-

91 2000 99 2011 '
209 1993 308 2058 nibus
327 1991 515 2076 patentibus
538 1991 791 2075 adpressissime
819 1989 908 2055 canis
935 1995 1074 2072 anguste
1101 1990 1441 2072 oblongo-linearibus
1463 1992 1500 2058 iu

208 2083 378 2236 cuspilyiem
396 2082 567 2147 incurram
593 2082 686 2164 longe
706 2080 881 2147 etsensim
901 2079 1079 2144 attenuatis
1105 2079 1215 2162 calyce
1235 2078 1403 2162 subduplo
1426 2081 1499 2146 lon·

210 2180 422 2254 mmmm

246 2281 323 2336 Hab.
348 2281 379 2336 in
393 2279 519 2336 collibus
533 2279 728 2353 Cappadociae
746 2278 886 2335 australis
909 2278 947 2334 ad
967 2276 1127 2348 Bereketly
1140 2275 1236 2346 (Ball)
1256 2277 1339 2332 etad
1364 2278 1501 2336 Galakdi

208 2369 299 2478 Empe
312 2353 452 2444 Argaeurn
473 2351 527 2434 ily.
541 2367 601 2406 ers.
615 2353 668 2405 177
681 2349 789 2433 subA.
803 2348 1013 2431 mediccqineo.
1028 2349 1095 2404 Huc
1105 2347 1226 2419 probab.
1238 2364 1356 2421 quoque
1369 2351 1501 2408 referen-

230 2441 248 2479 a
260 2439 422 2496 specimina
436 2423 563 2478 llorrlera
577 2438 614 2478 ex
627 2423 769 2478 Armenia
781 2437 871 2494 prope
886 2420 995 2475 Barbut
1008 2419 1120 2490 (Bourg
1129 2420 1156 2488 t).

244 2520 292 2574 Ab
304 2519 431 2574 amiclas
444 2517 514 2588 Ege.
528 2518 605 2572 inter
616 2517 727 2572 formas
746 2516 782 2571 A.
799 2514 1012 2598 Orwbrpcbidtb
1034 2513 1193 2570 recensitur
1215 2531 1234 2570 a
1245 2531 1305 2587 quo
1318 2531 1410 2572 sensu
1430 2533 1502 2574 meo

210 2591 299 2663 spicis
312 2590 432 2645 tandem
444 2589 522 2644 laxis
535 2588 663 2660 aliisque
686 2587 764 2642 notis
784 2587 925 2658 neglectrs
939 2585 1036 2642 differt
1054 2585 1258 2656 leguminibus
1275 2586 1386 2658 patulis
1398 2589 1501 2645 mullo

209 2662 395 2718 tenuioribus
408 2664 440 2716 in
452 2659 605 2732 cuspidem
625 2661 780 2715 incurvam
803 2659 896 2785 10οςΙὲ
907 2657 1077 2712 0110000110.
1102 2655 1211 2738 Vexilli
1224 2672 1291 2712 cum
1302 2657 1359 2714 alis
1372 2675 1499 2784 propor-

208 2735 297 2802 tione,
316 2733 465 2804 legumine
479 2736 608 2801 angusto
620 2731 742 2802 propius
758 2730 796 2785 ad
809 2730 847 2785 A.
892 2727 1087 2801 otscbyanum
1099 2727 1212 2784 accede
1225 2727 1277 2784 sed
1293 2728 1391 2784 differt
1407 2729 1438 2785 fo
1454 2731 1499 2787 io·

208 2804 246 2859 lis
258 2804 337 2877 pluri
340 2804 428 2876 jugis,
442 2803 566 2859 lloribus
586 2801 760 2874 majoribus
777 2800 938 2872 leguminis
952 2815 1092 2856 mucrone
1104 2798 1228 2854 adunco.

155 3049 157 3052 -
253 3012 327 3076 595.
339 3010 383 3076 A.
399 3008 683 3092 Onobrychis
695 3009 709 3094 t
712 3007 745 3072 L.
757 3007 811 3092 Sp.
827 3007 928 3094 1070)
940 3009 1101 3093 adpresse
1112 3009 1331 3094 cinerescens,
1344 3011 1498 3080 caulibus

206 3097 1047 3181 herbaceisascendentibus,stipulisconnutisparte
1063 3098 1166 3166 libert
1178 3099 1325 3165 breviter
1336 3101 1498 3166 lanceola-

208 3185 996 3270 110101011081610000110001000110000010110,
1007 3187 1496 3274 capitulisoratooblongispe-

208 3277 360 3344 dunculis
373 3277 448 3343 folio
461 3275 662 3358 longioribus
683 3275 840 3356 suffultis
867 3276 984 3358 calycis
1004 3275 1077 3340 albo
1098 3281 1131 3341 et
1152 3277 1245 3358 nigro
1265 3277 1427 3360 adpresse
1445 3280 1497 3362 pi-

207 3365 270 3431 losi
285 3365 438 3431 dentibus
459 3363 754 3429 lineari-subulatis
767 3363 847 3430 tubo
861 3364 986 3446 l-3-plo
1000 3363 1222 3445 brevioribus,
1239 3367 1358 3432 vexillo
1374 3366 1494 3433 lineari

207 3458 358 3520 truncato
374 3457 488 3526 retuso
504 3452 564 3518 alis
581 3452 681 3534 duplo
696 3453 806 3535 calyce
825 3455 844 3517 1
860 3450 962 3534 ‘a-pro
985 3453 1140 3534 longiore,
1157 3453 1379 3536 leguminibus
1402 3472 1495 3522 erec·

207 3543 250 3608 tis
269 3542 536 3625 adpressiuscule
561 3541 686 3607 villosis
712 3540 991 3624 oveto-oblongis
1017 3541 1155 3622 trigonis
1182 3546 1272 3608 recte
1294 3543 1491 3610 scruninalis

208 3630 307 3784 ggrso
326 3633 390 3696 late
410 3629 544 3696 sulcatis
560 3631 669 3712 calyce
688 3629 788 3714 duplo
803 3629 1008 3712 longioribus
1035 3639 1079 3705 lc.
1105 3629 1148 3694 lc.
1173 3629 1264 3714 Jacq.
1289 3631 1403 3698 Auslr.
1425 3634 1490 3698 tab.

243 3831 319 3886 Hab.
338 3831 370 3886 in
390 3830 474 3886 siccis
494 3829 612 3886 Tauriae
630 3829 752 3900 (Stevl),
773 3829 920 3885 Anatoliae
940 3830 970 3884 in
990 3828 1012 3884 L
1036 3829 1082 3886 cib
1093 3808 1188 3904 prope
1200 3829 1322 3896 Elmalu
1338 3831 1491 3902 (pastali),

208 3900 332 3957 Caucasi
343 3905 372 3957 et
380 3903 534 3972 regionum
549 3901 867 3956 Transceucasioarum
880 3903 930 3970 (ex
943 3846 1035 3972 113θῖ

241 3998 377 4054 Plantam
392 4001 598 4056 Germanicam
615 4002 646 4054 et
668 3997 815 4054 Gallicam
836 3999 985 4070 descripsi,
1008 3999 1167 4056 Orientalis
1181 3999 1342 4072 specimina
1354 4018 1448 4074 pauca
1462 4009 1492 4060 01

206 4071 322 4124 tantum
335 4071 463 4126 llorisera
479 4071 551 4138 vidi,
566 4069 691 4125 Taurica
701 4086 737 4124 ex
753 4071 786 4125 cl.
807 4070 915 4125 Steuen
937 4069 1048 4142 plantae
1072 4071 1216 4143 Europeae
1234 4071 1388 4129 simillima
1409 4077 1487 4144 sunt,

207 4140 455 4198 Transcaucasica
469 4141 575 4196 melius
589 4141 690 4196 forsan
704 4141 742 4196 ad
752 4141 789 4196 A.
802 4139 943 4198 collinum
955 4140 1005 4196 vol
1018 4140 1219 4214 Banqeanum
1231 4147 1373 4215 spectant.

251 4241 284 4324 β.
312 4240 610 4322 0010100000·-
633 4238 755 4304 Foliola
773 4239 899 4305 minora
919 4239 1055 4305 linearia
1074 4241 1125 4305 vel
1144 4244 1282 4322 anguste
1299 4240 1487 4322 lanceolata,

207 4330 308 4395 flores
327 4330 496 4394 manifeste
513 4329 723 4392 minores-
744 4327 782 4392 A.
801 4325 1038 4408 cbloroccrpas
1058 4327 1186 4394 Griseb.
1207 4327 1318 4412 Spicil.
1341 4329 1363 4408 l,
1381 4350 1414 4414 p.
1434 4334 1483 4397 50.

206 4455 251 4465 —-
266 4419 304 4483 Α.
326 4417 546 4484 Rocbcliunas
563 4415 755 4480 11001101.-
776 4415 814 4481 A.
835 4414 1034 4496 ranuncula
1047 4417 1162 4483 Smitb.
1176 4417 1293 4484 Prodr.
1313 4438 1379 4486 nou
1394 4419 1429 4485 L.
1444 4457 1483 4467 —

205 4506 246 4572 A.
267 4503 506 4588 micropbyltus
522 4503 625 4571 Szow.
644 4503 688 4587 pl.
708 4503 805 4571 Ross.
824 4522 892 4570 exs.
