3334 5176
212 331 403 406 Onoapcaa.
669 339 673 347 '
751 347 962 390 usamnnosre.

253 515 287 590 7.
300 491 468 554 montano.
479 524 517 534 -
534 485 651 553 Gaulos
660 487 762 568 magis
776 486 897 566 diffusi,
915 486 1021 554 foliola
1033 486 1219 554 abbreviata
1231 486 1491 568 ovato-oblonga,

211 592 299 657 spica
317 594 405 659 saepe
417 575 559 656 brevior,
573 577 747 658 leguminis
759 577 868 644 cristae
878 576 995 642 dentes
1008 577 1176 643 tenuiores
1193 576 1430 658 sublongiores.
1446 607 1491 624 —-

213 661 246 728 Ο.
268 669 427 731 montano
442 685 503 733 nc.
520 666 567 731 ll.
587 664 641 730 Fr.
662 664 715 731 IV.
735 684 766 748 p.
786 668 861 731 611.
877 702 923 714 -
952 664 987 730 O.
1007 663 1161 745 conferto
1177 664 1256 732 ΜΒ.
1280 666 1377 731 Taur.
1394 661 1489 730 Gauc.

213 749 248 818 11ο
270 755 353 819 resa
374 759 407 820 et
424 753 525 820 Desv.
547 755 602 841 (ex
621 753 741 820 Ledeb.
763 751 890 820 etun.
911 753 1020 838 lieu).

246 857 324 921 Hah.
341 865 372 920 in
385 867 476 938 pratis
489 867 656 938 subalpinis
670 867 818 922 Armeniae
831 865 961 922 Turoicae
974 865 1116 936 (Τ1111111),
1129 865 1218 922 Ponti
1227 865 1325 922 Lazici
1336 863 1374 920 ad
1388 861 1492 936 Djimil

207 935 279 1006 ’(1111
288 939 317 1006 1),
331 937 481 993 Cataoniae
495 939 526 993 in
539 941 637 994 monte
651 937 823 1008 Berytdagh
836 937 970 1006 (Haussk
979 939 1008 1008 1),
1022 937 1168 993 Armeniae
1186 937 1315 993 Rossicae
1336 935 1375 992 ad
1393 937 1492 993 lacum

212 1007 360 1064 Goktchal
373 1008 505 1079 (Scidit),
523 1009 647 1065 Caucasi
657 1007 808 1065 orientalis
819 1009 913 1082 (Rnpr
922 1011 951 1078 t).

258 1105 286 1174 δ.
312 1103 472 1172 Scordioo
491 1105 619 1173 Griseh.
638 1107 722 1192 Spic.
737 1107 761 1188 l,
775 1128 805 1192 p.
825 1109 877 1176 65.
893 1146 934 1156 —
946 1107 1066 1174 Foliola
1078 1107 1203 1174 minuta
1219 1103 1490 1173 ovato-orbicula-

212 1197 244 1260 ta
261 1198 313 1262 vel
332 1195 635 1280 elliptico-oblonga,
666 1197 763 1280 spica
787 1199 993 1278 abbreviatae,
1022 1195 1146 1261 laciniae
1169 1196 1320 1278 oulyoinae
1340 1191 1417 1262 tubo
1437 1187 1493 1263 vit't

213 1283 502 1368 sesquilongiores
526 1287 584 1352 alae
611 1287 712 1370 calyci
735 1287 998 1371 suhaeuuilongae.
1024 1285 1186 1368 legumen
1207 1281 1310 1369 (quod
1325 1302 1390 1350 non
1410 1281 1492 1368 vidi)

211 1371 359 1440 breviter
377 1375 558 1440 aculeatum
582 1375 701 1442 dicitur
723 1379 756 1442 et
781 1376 853 1441 ideo
873 1377 955 1442 hanc
971 1377 1106 1442 formam
1125 1376 1189 1441 huc
1206 1374 1316 1458 potius
1336 1389 1435 1456 quam
1451 1371 1492 1438 ad

213 1459 247 1527 0.
265 1463 418 1528 Bolcusae
435 1465 527 1548 cujus
545 1465 657 1530 faciem
675 1465 773 1531 habet
787 1465 897 1530 retuli.

246 1569 324 1630 Hah.
340 1575 371 1630 in
386 1576 505 1646 regione
516 1576 619 1648 alpina
633 1575 735 1632 Scardi
748 1569 930 1633 Macedoniae
941 1575 1094 1648 (Grisebt).

211 1680 416 1811 signficari}
424 1682 544 1760 Europa
555 1687 653 1743 media
664 1687 703 1743 ab
715 1687 861 1758 Angliaet
870 1687 1030 1744 Germania
1042 1686 1141 1743 media
1151 1685 1188 1742 ad
1200 1685 1338 1741 Rossiam
1351 1681 1489 1752 madiam,

277 1773 322 1812 rra
336 1773 385 1812 om
409 1773 443 1812 rs.

258 2003 307 2066 15.
334 1999 379 2068 O.
399 1988 608 2068 Balansae
628 1999 749 2083 (Boiss.
770 2000 885 2083 Diagn.
907 1995 977 2067 Ser.
997 1999 1048 2080 11,
1073 2001 1109 2080 6,
1135 2019 1165 2083 p.
1187 1998 1245 2086 61)
1265 1995 1422 2089 adpresse
1441 2017 1493 2088 Ι111

210 2107 360 2171 nascens,
380 2090 556 2157 rhiaomate
576 2089 842 2172 sulfrutescenti,
862 2089 1009 2177 caulibus
1022 2087 1273 2155 ascendentibus
1289 2088 1342 2153 vel
1361 2087 1492 2154 decum-

209 2176 375 2262 bentibus,
393 2179 478 2246 foliis
496 2179 652 2262 alt-jugis
681 2178 798 2246 foliolis
817 2178 1120 2262 obovato-ellipticis
1139 2177 1266 2244 obtusis
1284 2171 1491 2243 mucrouula·

208 2267 263 2349 tis,
280 2259 474 2349 pedunculis
490 2267 565 2334 folio
584 2267 715 2334 demum
737 2269 863 2352 t·3-plo
880 2267 1092 2352 longioribus
1118 2266 1217 2349 spicis
1232 2264 1490 2348 ovato-oblongis
1517 2352 1518 2356 Ἰ

209 2356 400 2444 paucitluris
416 2358 593 2444 fructiferis
611 2357 823 2438 lautiusculis,
852 2357 969 2440 calycis
995 2355 1147 2422 corollam
1177 2354 1341 2420 dimidiam
1364 2372 1491 2438 purpu-

207 2463 298 2510 ream
315 2447 476 2528 aequantia
495 2444 621 2512 laciniis
637 2445 801 2512 subulatis
822 2445 901 2512 tubo
918 2445 1082 2530 subduplo
1103 2443 1315 2526 longioribus,
1331 2441 1392 2508 alis
1411 2441 1490 2518 tubo

206 2534 327 2616 calycis
344 2535 536 2618 aequilongis
559 2535 612 2600 vel
639 2535 747 2618 calyce
770 2535 903 2601 dimidio
922 2533 1146 2608 brevioribus,
1175 2533 1295 2598 vexillo
1324 2535 1357 2596 et
1384 2526 1491 2596 111111

206 2621 474 2706 subaquitongis,
491 2624 653 2705 leguminc
671 2625 849 2691 semiovato
870 2624 954 2688 hirto
970 2623 1086 2688 dentes
1105 2621 1224 2704 calycis
1239 2619 1379 2686 multum
1396 2636 1489 2724 cnop,-¹

203 2711 305 2776 dente
324 2710 365 2776 ad
391 2712 518 2779 discum
544 2713 748 2796 inaequaliter
769 2713 928 2781 foueolato
955 2715 988 2776 ct
1019 2711 1158 2794 simplici
1184 2709 1235 2775 vel
1256 2707 1377 2792 duplici
1402 2724 1489 2773 serre

204 2799 302 2881 longe
321 2801 477 2882 aculeato,
496 2801 596 2867 crista
612 2801 701 2868 disco
721 2801 900 2868 sublatione
915 2802 947 2867 in
967 2801 1023 2866 6-1
1042 2800 1171 2877 scilleos
1191 2819 1209 2863 a
1226 2797 1298 2864 basi
1312 2797 1376 2862 late
1388 2794 1489 2862 trian-

202 2889 312 2970 gulari
332 2887 503 2956 subulatos
522 2891 607 2957 ultra
628 2891 772 2957 medium
789 2891 911 2973 partita
931 2899 957 2965 5.
973 2887 1008 2954 0.
1026 2885 1167 2954 Cadmeo
1184 2905 1256 2954 cor.
1279 2881 1487 2974 plodrcscens

207 2975 313 3043 Boias.
334 2977 369 3042 iu
387 2975 465 3044 Goll.
486 2979 547 3062 ΚΥ.
565 2985 599 3045 et
618 2977 684 3045 Bal.

241 3087 317 3142 Hah.
331 3089 363 3143 in
375 3088 459 3144 siccis
478 3090 605 3160 regionis
620 3090 729 3163 alpinae
742 3090 862 3216 Olgmpi
876 3089 1000 3161 Bithyni
1011 3087 1123 3157 (Boisst
1139 3087 1222 3143 Clem
1231 3090 1259 3158 1),
1272 3072 1381 3142 montis
1394 3083 1484 3140 Ghoi-

201 3156 287 3228 dagh
298 3157 390 3214 Tauri
396 3159 516 3215 isaurici
525 3161 632 3230 (Heldr
640 3163 668 3231 t),
678 3161 768 3217 Tauri
803 3159 979 3230 ilicicifflalt
990 3157 1046 3230 Ky.
1058 3174 1118 3214 exs.
1127 3159 1145 3211 7
1154 3161 1183 3230 l),
1197 3157 1307 3213 montis
1315 3153 1487 3212 Aelandach

204 3227 403 3301 Cappadociae
417 3231 518 3300 (Ball).
532 3231 577 3286 Fl.
593 3232 650 3287 Jul.
664 3233 740 3303 Aug.

239 3323 342 3380 Facies
356 3325 518 3392 formarum
540 3328 736 3384 excelsiorum
756 3325 788 3384 0.
803 3326 908 3384 satiuoe
927 3317 992 3382 aar.
1004 3331 1157 3382 montanea
1173 3323 1313 3406 aqtribus
1332 3317 1432 3375 differt
1443 3317 1486 3373 le-

245 3397 445 3467 minomagno
458 3399 538 3467 (cum
554 3399 664 3454 aculeis
677 3399 758 3455 6111.
775 3399 879 3470 longo)
896 3398 936 3453 ad
952 3398 1067 3452 discum
1079 3401 1108 3452 et
1122 3395 1162 3450 ad
1178 3397 1299 3450 cnstam
1318 3390 1406 3458 longa
1419 3402 1487 3471 anus

216 3471 291 3535 eata,
305 3467 467 3523 rhizomate
484 3467 683 3540 suffruticoso,
696 3471 785 3542 spicis
798 3469 954 3526 fructiferis
971 3466 1154 3523 laxiusculis.
1169 3463 1200 3520 O.
1222 3462 1355 3544 Cadmea
1367 3459 1486 3528 longius

201 3536 296 3593 distat
308 3537 513 3609 leguminibus
530 3542 661 3612 minutis,
675 3541 814 3597 dentibus
827 3540 935 3611 calycis
948 3538 1145 3605 brevioribus
1157 3536 1247 3591 crista
1259 3530 1485 3606 pancraculeata.

247 3633 282 3719 β,
307 3636 424 3718 oculor.
439 3673 480 3684 --
505 3635 621 3704 Gaulcs
643 3639 770 3722 proceri
792 3639 900 3704 erecti.
926 3635 1015 3702 Folia
1042 3637 1168 3701 remote
1196 3631 1342 3714 7-9-Juga
1367 3626 1485 3693 foliolis

202 3725 330 3807 magnis
352 3727 450 3810 (saepe
469 3726 694 3812 pollicaribus)
712 3725 1025 3811 elliptico-ohlongis
1039 3723 1326 3819 leguminamagna
1338 3717 1412 3800 (l-tt
1428 3714 1484 3779 lin.

202 3812 315 3968 iffi)
329 3813 446 3968 θ1181111
473 3815 549 3880 9-11
575 3811 729 3883 aculeata.
751 3853 793 3864 -
818 3813 853 3882 0.
876 3815 984 3897 major
1010 3813 1116 3879 Boiss.
1148 3814 1181 3875 et
1207 3809 1268 3891 Ky.
1299 3823 1334 3870 111
1361 3804 1423 3884 Ky.
1441 3802 1483 3885 pl.

237 4013 315 4069 Hah.
331 4013 362 4068 in
375 4013 551 4072 Karduchiae
563 4015 674 4072 ditione
686 4016 797 4074 Mutatus
815 4032 906 4089 propo
925 4013 1030 4072 Chana
1051 4010 1157 4070 Putkie
1176 4007 1225 4064 alt
1241 4003 1320 4062 7000·
1333 4003 1401 4075 (Ky.
1424 3981 1488 4060 ens.

201 4081 307 4157 Suppl.
321 4084 412 4155 8231).
430 4086 472 4142 Fl.
485 4089 559 4159 Aug.
573 4087 649 4160 Sept.

237 4180 344 4238 Ditiort
357 4182 395 4237 ab
409 4179 442 4240 0.
458 4181 602 4240 Balonsoe
608 4183 642 4238 ut
651 4181 682 4240 Ο.
694 4181 794 4239 ratim
805 4183 843 4238 ab
858 4181 889 4240 O.
900 4175 1048 4239 montana
1052 4201 1063 4248 ,·
1076 4178 1211 4234 rhizoma
1219 4172 1289 4254 utin
1301 4173 1318 4252 t¹
1355 4150 1494 4253 'osulf-ru·

202 4254 325 4322 teneone,
338 4252 477 4324 legumen
490 4255 622 4310 eusdem
635 4254 746 4309 formae.
762 4253 885 4309 Videtur
895 4254 1024 4309 varietas
1034 4265 1072 4306 ex
1085 4248 1152 4308 loco
1159 4243 1330 4326 humidiora
1353 4239 1497 4312 rigidiori

201 4326 231 4378 at
244 4325 395 4396 specimen
406 4323 441 4380 cl.
455 4271 586 4381 Baiansa
598 4341 634 4380 ex
648 4325 836 4398 Cappadocia
848 4325 1009 4380 transitum
1022 4319 1154 4393 praebere
1167 4315 1291 4370 videtur.
