3324 5180
179 347 235 405 680
746 363 900 406 mosaeam.
1295 392 1301 400 .
1377 350 1471 408 Rosa.

223 527 276 594 00.
303 526 349 592 R.
366 526 627 594 Hecleliana
645 526 763 612 (Tratt.
787 527 864 594 Ros.
881 527 930 610 II,
945 548 976 612 p.
998 527 1056 611 85)
1072 527 1208 611 pumila,
1226 527 1347 594 aculeis
1366 528 1471 594 omni-

179 616 243 683 bus
261 615 381 682 validis
401 616 608 683 rectiusculis
628 618 679 682 vel
700 617 822 699 saepius
835 617 971 684 aduncis
989 617 1059 683 basi
1072 617 1229 698 dilatatis,
1246 617 1380 699 stipulis
1392 635 1470 682 eva-

169 706 378 788 .to·oblongis
399 705 552 786 dilatatis,
571 705 688 772 foliolis
710 706 765 770 01
778 706 890 788 parvis
906 704 1320 790 elliptico-suborbiculatis
1340 705 1470 772 obtusis

179 795 440 878 subsimpliciter
466 794 641 860 serrulatis
673 795 829 877 utrinqne
859 794 918 861 sed
945 795 1064 860 subtus
1093 793 1231 859 densius
1261 795 1467 874 tomentosis,

179 883 319 949 floribus
349 883 487 949 minutis
517 883 673 950 solitariis
703 881 901 950 brevissime
935 882 1164 966 peduncnlatis
1197 883 1321 964 roseis,
1356 883 1467 950 fructu

178 971 451 1054 ovato-spbaerion
468 972 784 1055 glandulososetoso
802 972 928 1038 laciniis
947 971 1101 1056 calycinis
1121 973 1220 1039 rectis
1245 972 1399 1038 indivisis
1415 973 1470 1038 vel

180 1060 385 1144 pinnatiiidis
405 1067 559 1128 coronato
580 1071 610 1138 5.

214 1171 291 1227 Hab.
314 1172 345 1226 in
367 1171 609 1264 regione-alpino
636 1157 779 1242 Graeciae,
811 1172 964 1258 Taygetus
993 1172 1032 1228 ad
1065 1171 1297 1257 Megalizonaria
1316 1171 1473 1256 (1101001),

178 1257 266 1298 mons
281 1241 538 1328 01000010110000
560 1245 668 1313 (Heldr
676 1247 705 1314 1),
719 1259 809 1340 mons·
818 1243 929 1370 Delssbr
946 1244 1055 1300 Eubeae
1076 1243 1220 1316 (Heldrl)‚
1237 1259 1318 1316 regio
1332 1259 1471 1316 superior

178 1314 320 1370 Parnassr
332 1315 454 1384 (Gurccl
466 1315 555 1388 Orpb.
570 1315 613 1371 Fl.
627 1316 677 1372 Gr.
692 1331 753 1370 exs.
767 1315 860 1387 4221).
896 1315 914 1370 l.
931 1315 998 1372 Jun.
1012 1315 1071 1370 Jul.

213 1411 319 1468 Affinis
330 1412 367 1469 R.
378 1411 536 1484 glutinosae
549 1413 661 1484 babitu,
676 1413 817 1468 foliorum
831 1413 933 1482 forme„
951 1413 1004 1468 sed
1015 1411 1116 1468 differt
1130 1412 1307 1468 indumento
1320 1415 1466 1470 tomento-

176 1496 211 1537 so
226 1498 346 1554 prorsus
361 1482 568 1553 eglandnloso.
586 1484 630 1539 Ex
643 1483 782 1567 autopsio
794 1483 875 1539 berb.
891 1483 992 1540 Banks
1005 1485 1140 1540 auctores
1153 1483 1249 1539 Florae
1263 1484 1376 1539 Graecae
1389 1483 1469 1542 hauc

176 1556 206 1608 et
218 1554 437 1625 praecedentem
450 1555 587 1627 specifice
602 1571 662 1610 non
678 1557 879 1627 sejunxerunt.
1234 1559 1236 1568 '

218 1650 265 1705 Ar.
279 1649 380 1720 Geogr.
401 1649 510 1706 Siciliae
524 1655 552 1705 et
566 1650 712 1706 Calabriae
729 1654 853 1706 montes.
904 1665 910 1674 ·

224 1875 276 1938 00.
304 1874 349 1941 R.
371 1871 649 1958 Orphanidis
668 1873 791 1960 (Boias.
814 1879 849 1941 et
863 1876 962 1941 Reut.
986 1874 1105 1958 Diagn.
1129 1873 1199 1941 Ser.
1226 1875 1274 1956 ll,
1295 1876 1325 1954 0,
1350 1893 1382 1957 p.
1411 1871 1471 1958 50]

179 1963 301 2028 aculeis
323 1962 546 2029 conformibus
563 1983 581 2028 a
598 1961 668 2029 basi
689 1963 820 2029 dilatata
838 1964 994 2030 tenuibus
1011 1965 1239 2042 sunrecurvis,
1260 1961 1394 2046 stipulis
1412 1961 1473 2027 llo-

179 2052 307 2119 ralibus
320 2051 540 2132 subdilatatis‚
559 2053 679 2119 foliolis
700 2054 755 2117 5-7
771 2053 876 2118 uvalis
889 2055 993 2119 acutis
1013 2059 1129 2136 argute
1146 2050 1473 2136 duplicato-serratis

181 2140 337 2224 utrinque
356 2141 555 2206 tomentellis
575 2141 694 2209 subtus
712 2142 960 2226 pallidioribuS,
985 2142 1124 2208 floribus
1144 2141 1304 2208 solitariis
1321 2140 1472 2205 breviter

179 2228 409 2313 pedunculatis
428 2229 540 2312 parvis
560 2232 676 2311 roseis
695 2231 813 2314 calycis
825 2230 904 2298 tubo
922 2231 1060 2312 oblongo
1076 2233 1168 2314 apice
1188 2234 1359 2296 attenuato
1373 2246 1473 2311 parce

180 2318 365 2400 spinuloso,
387 2318 511 2384 laciniis
530 2319 622 2401 epioe
642 2319 849 2385 subdilatatis
868 2320 1016 2402 integris
1035 2320 1161 2387 fructu.
1176 2367 1206 2382 ..
1233 2329 1260 2396 5.

218 2428 297 2484 Hah.
311 2429 343 2483 in
356 2429 475 2499 regione
489 2429 638 2500 sylvaticd
647 2431 755 2486 montis
768 2430 890 2502 Olympi
901 2430 1037 2486 Thessali
1050 2431 1195 2502 (Heldrt).
1211 2431 1255 2486 ΚΙ.
1269 2429 1326 2486 Jul.

215 2525 308 2583 Valde
322 2528 419 2583 affinis
432 2527 470 2584 R.
480 2526 662 2584 Heetefianoe
674 2531 703 2583 et
715 2529 816 2583 forsan
829 2527 919 2600 hujus
934 2528 1078 2598 varietas,
1100 2531 1198 2584 tamen
1219 2527 1417 2583 suadentibus
1435 2526 1473 2582 cl.

179 2597 296 2668 Reuter,
309 2598 417 2671 Crepin
440 2602 469 2654 et
481 2599 578 2654 Godet
594 2599 688 2655 donec
707 2599 815 2654 melius
828 2603 857 2654 et
871 2616 907 2654 ex
926 2599 1139 2671 speciminibus
1162 2598 1423 2655 numerosioribus
1442 2601 1474 2653 et

179 2668 335 2726 fructiferis
349 2674 419 2726 nota
433 2671 471 2725 sit
484 2670 523 2724 ab
536 2673 571 2726 ed
584 2671 622 2726 ob
637 2686 737 2726 ramos
758 2686 817 2726 non
837 2673 992 2738 tortuosos,
1009 2670 1110 2726 foliola
1123 2674 1212 2728 acuta
1232 2670 1385 2740 biserrata,
1402 2685 1473 2726 ova·

181 2740 259 2795 rium
271 2740 374 2796 formae
389 2740 525 2812 diversae,
535 2742 727 2813 sejungenda.

225 2981 277 3045 05.
292 2981 338 3046 R.
353 2981 598 3049 orientalis
612 2979 763 3067 (Dupont
771 2983 805 3047 in
816 3000 878 3049 nn.
892 2980 1008 3047 Prodr.
1023 2981 1101 3064 ILp.
1113 2978 1191 3058 6011
1200 2975 1465 3062 pumila‚aonleis

177 3069 332 3136 omnibus
348 3071 509 3136 subulatis
524 3072 680 3138 tenuibus
694 3071 899 3137 rectinsculis
913 3068 1280 3153 inaequalibns,stipulis
1297 3081 1464 3131 ramorum

178 3158 403 3226 floriferorum
422 3158 646 3240 subdilatatis‚
672 3161 791 3226 foliolis
812 3161 867 3225 5-1
890 3158 1107 3226 subrutundis
1134 3157 1185 3222 vel
1204 3151 1468 3238 emption-oratis

177 3246 438 3331 subsimpliciter
457 3248 594 3314 serratis
610 3249 764 3332 utrinqne
784 3247 1135 3326 tomentum-cinerem,
1156 3244 1295 3312 floribus
1309 3241 1465 3309 solitariis

177 3335 326 3402 breviter
342 3337 570 3420 pedunculatis
586 3337 772 3422 peduncnlo
793 3339 913 3420 saepius
931 3337 1087 3416 setuleso,
1104 3336 1213 3400 fructu
1231 3331 1394 3415 sphaerico
1414 3328 1468 3431 vel

179 3429 274 3490 ovato
294 3425 396 3492 dense
416 3425 562 3492 setuloso
580 3427 690 3492 rarius
706 3426 852 3510 glabrato
871 3424 995 3491 laciniis
1015 3424 1169 3507 calycinis
1194 3421 1294 3487 rectis
1312 3419 1467 3485 indivisas

180 3515 233 3580 vel
263 3515 467 3598 pinnatifidis
500 3522 653 3581 coronato
686 3525 712 3591 5.
734 3517 771 3582 R.
794 3513 960 3598 putcdcltu
985 3513 1097 3579 Sobott
1125 3517 1158 3578 et
1187 3511 1248 3593 Ky.
1278 3509 1312 3574 in
1342 3508 1403 3590 ΚΥ.
1425 3505 1469 3589 pl.

181 3603 283 3668 Taur.
301 3621 373 3670 exs.
393 3622 459 3670 non
476 3603 587 3670 Willd.
769 3632 773 3639 ·

215 3713 292 3769 Hab.
308 3714 338 3769 in
351 3731 385 3769 ru
410 3714 537 3770 estribus
551 3714 680 3796 regionis
701 3713 868 3840 subalpinae
888 3715 917 3768 et
935 3711 1051 3838 alpinae,
1068 3725 1155 3794 mons
1173 3709 1254 3764 Gora
1267 3706 1470 3765 Kurdistuniae

179 3785 372 3855 Assyriacae(
401 3801 429 3857 y.
444 3801 504 3842 exs.
519 3785 609 3855 3431),
626 3785 743 3842 Taurus
764 3785 798 3840 Cr
811 3785 898 3841 icious
918 3783 975 3852 (Ba
995 3787 1001 3838 1
1022 3781 1077 3853 ΚΥ.
1091 3797 1152 3836 exs.
1166 3779 1239 3850 701),
1255 3794 1342 3834 mons
1362 3776 1474 3832 Aslan·

178 3855 255 3912 dach
268 3856 310 3912 Ca
333 3857 464 3928 padociae
485 3856 553 3926 (Bal
562 3859 591 3926 1),
614 3857 755 3912 Armenia
776 3857 901 3912 Turciea
914 3853 1053 3910 australis
1075 3851 1145 3923 (ΚΥ.
1165 3865 1227 3906 exs.
1247 3850 1315 3906 5391
1335 3849 1468 3918 015101),

181 3941 268 3984 mons
281 3873 393 3983 Efiirus
405 3929 516 3984 Persiae
529 3928 591 3984 bor.
606 3943 696 4000 prope
708 3929 853 3998 Passgala
865 3927 934 3998 (Ky.
948 3941 1007 3981 ens.
1021 3923 1074 3980 293
1092 3926 1113 3993 ).

216 4023 349 4080 Discedit
362 4042 379 4080 a
392 4025 428 4082 R.
442 4021 616 4082 Heclefa'and
628 4025 737 4081 aculeis
750 4025 890 4081 tenuibus
902 4023 996 4079 rectis.
1008 4019 1176 4094 specimina
1188 4035 1225 4074 ex
1233 4018 1332 4102 Tauro
1345 4015 1471 4072 Cilieico

181 4096 300 4150 variant
319 4095 431 4151 foliolis
447 4098 542 4152 ovatis
559 4095 676 4152 obtusis
693 4096 741 4152 vel
759 4095 900 4165 oblongis
920 4085 1470 4173 0000000000100000001000ᾳί110

181 4166 313 4222 setuloso
325 4167 375 4222 vel
388 4167 492 4223 setulis
504 4167 607 4240 paucis
620 4168 718 4223 obsito
732 4167 780 4224 vel
793 4169 915 4223 omnino
933 4165 1047 4234 inermi,
1059 4177 1171 4235 speeies
1184 4161 1357 4216 Sebottrana
1370 4161 1464 4228 rgrtur

182 4251 243 4292 non
257 4237 478 4309 distinguenda.
