3324 5180
114 380 285 439 Potemailu„
673 396 828 440 nosaunm.
1350 383 1406 443 719

114 507 224 574 oratis
242 507 371 574 obtusis
391 507 538 578 externis
558 508 614 573 vix
632 506 853 589 brevioribus,
870 507 987 592 petalis
999 509 1147 576 obovatis
1159 509 1284 576 retusis
1296 510 1405 594 calyce

112 595 386 678 sublougioribus
409 608 452 672 te.

149 705 227 764 Heb.
240 707 272 762 in
283 707 387 764 Persis
399 706 614 764 bor-orientali
630 723 721 781 prope
735 707 832 764 Sieret
844 706 957 779 (Bget).

149 804 261 862 Ceules
273 805 501 880 3-4-pollioareS,
515 806 588 862 folle
601 809 715 880 majora
727 807 815 864 diem.
828 807 879 863 5-6
898 806 993 862 lineas
1004 806 1074 875 lete,
1086 807 1187 879 petala
1199 807 1243 863 eis
1255 806 1290 863 Ρ.
1304 822 1403 866 oernoe

114 876 242 944 minora,
254 877 358 950 plante
371 877 579 934 hirsutissime.
596 877 836 936 Glandulositele
849 878 947 934 affinis
964 877 1001 934 P.
1021 877 1118 935 admo
1157 877 1227 951 ylice
1239 879 1292 934 sed
1304 880 1401 936 hirsu-

111 946 299 1076 zmaragdi&
316 949 435 1006 minore
454 951 618 1022 praesertim
640 949 777 1006 breviore
799 953 941 1020 trrmcale,
965 947 1064 1022 petela
1084 964 1116 1006 re
1129 965 1184 1006 arse
1205 949 1336 1022 calycem
1349 951 1402 1008 vix

155 1117 192 1201 β.
218 1117 353 1184 Budeea'.
374 1155 418 1168 -
437 1118 539 1201 Naue,
555 1117 666 1186 minus
684 1122 718 1185 et
731 1117 999 1203 adpressiuscule
1015 1117 1112 1186 hirta.
1132 1156 1174 1166 —
1190 1117 1229 1183 P.
1245 1117 1402 1202 ulpeetria

114 1205 220 1274 Boiss.
239 1212 271 1274 et
291 1207 402 1275 Bubse
419 1208 512 1275 Aulz.
532 1226 599 1274 non
617 1207 698 1275 Hall.

145 1320 225 1376 Hab.
239 1321 270 1376 in
282 1321 403 1392 regione
415 1320 516 1394 alplnt
529 1321 639 1376 montis
650 1319 791 1376 Elemout
803 1321 912 1377 Persice
937 1320 1000 1376 bor.
1018 1320 1233 1390 (nannetem)
1247 1322 1275 1376 et
1289 1320 1400 1377 montis

110 1390 224 1448 Elbrus
237 1391 307 1464 (ΚΥ.
320 1392 388 1448 4721
402 1393 459 1448 sub
471 1391 505 1447 P.
517 1387 642 1465 gelidai),
655 1391 685 1447 in
700 1407 782 1465 prov.
796 1391 927 1463 Talyscb
940 1391 991 1448 elt.
1000 1390 1108 1448 7-8000'
1121 1390 1267 1462 (Bubsel).

144 1486 309 1558 Polliceris,
326 1486 356 1544 P
375 1487 535 1544 minimam
547 1487 596 1543 vel
608 1487 787 1560 cespitosum
801 1486 957 1544 Lehmann
968 1488 1105 1544 referens.

131 1663 210 1778 Ι48,
234 1709 279 1776 P.
302 1704 608 1794 cappadocica
624 1707 744 1794 (Boiss.
770 1707 884 1791 Diagn.
905 1707 977 1776 Ser.
1007 1707 1033 1786 l,
1063 1709 1094 1790 3,
1121 1728 1153 1794 p.
1181 1708 1217 1794 6)
1240 1710 1342 1776 dense
1365 1713 1399 1777 et

107 1797 272 1884 adpresse
291 1798 546 1883 griseo-villosa,
564 1795 743 1864 tendiculis
761 1795 855 1864 duris
871 1797 1058 1882 prostratis,
1077 1797 1225 1865 caulibus
1240 1799 1397 1872 brevibus

106 1886 387 1954 decumbentibus
408 1885 837 1970 condensato-corymbosis,
857 1886 942 1954 loliis
961 1885 1055 1954 infer.
1078 1888 1259 1971 septenniis
1279 1889 1396 1956 foliolis

107 1977 232 2043 subtus
249 1975 386 2044 densius
404 1974 677 2042 cinereo-villosis
697 1975 845 2041 obovatis
857 1975 1057 2060 complicatis
1070 1996 1088 2042 a
1099 1976 1206 2044 medio
1218 1976 1258 2042 ad
1271 1978 1397 2060 apicem

107 2065 255 2132 dentatis
273 2065 428 2132 dentibus
445 2063 601 2147 utrinque
618 2065 674 2129 l-tt
695 2064 772 2130 villo
787 2065 1039 2132 conniventibus
1058 2065 1222 2132 terminali
1240 2066 1396 2148 breviori,

104 2156 244 2238 stipulis
260 2155 355 2221 iuter.
375 2152 556 2220 linearibus
576 2153 705 2218 ceteris
732 2153 1089 2235 oblongo-lamentatis,
1108 2155 1228 2236 calyeis
1245 2153 1396 2221 albo-vil·

108 2243 170 2308 losi
191 2243 323 2310 laciniis
341 2241 488 2326 oblongis
507 2241 635 2309 obtusis
657 2241 754 2310 inter.
779 2241 1056 2326 sublongioribus‚
1073 2243 1191 2327 petalis
1210 2243 1395 2310 obcordatis

106 2333 221 2416 calyce
241 2331 444 2416 longioribus
466 2335 509 2402 it.

136 2443 223 2530 ,Hab
236 2445 268 2500 in
283 2442 620 2571 Cappadocis-orientali
633 2443 739 2513 (Aucb.
760 2458 820 2502 exs.
836 2441 909 2528 tace
927 2443 1003 2569 tertssz
1020 2442 1051 2526 in
1070 2443 1170 2528 Ponto.
1179 2443 1303 2500 australi
1316 2444 1393 2500 inter

109 2517 237 2574 Nrckser
247 2523 277 2573 et
290 2515 349 2572 Bac
371 2514 422 2570 kor
435 2517 464 2570 et
475 2517 552 2570 mter
565 2512 921 2572 castrans-Karalusar
932 2517 962 2570 et
995 2513 1072 2586 rsdJe
1085 2514 1229 2585 sl'chrhl).

140 2612 217 2669 Haec
235 2611 339 2685 plenta
361 2625 453 2683 quam
477 2609 656 2666 fructiferam
678 2625 737 2666 non
761 2609 825 2666 vidi
847 2608 881 2665 P.
903 2623 1003 2666 verme
1024 2614 1054 2665 et
1080 2609 1394 2684 udenopbplloeaffinis

106 2683 227 2740 videtur
239 2683 376 2738 distinete
389 2681 563 2737 indumento
584 2695 658 2736 ceno
676 2681 707 2736 in
724 2681 943 2737 infloresoentid
955 2680 1141 2752 densissimo,
1155 2681 1331 2755 pedunculis
1341 2684 1394 2740 ab·

108 2755 262 2824 breviatis,
278 2753 418 2810 dentibus
439 2752 579 2808 foliorum
600 2751 836 2808 conniventibus.
853 2752 961 2808 Ceules
981 2751 1210 2826 23-pollicares
1224 2753 1326 2812 foliola
1344 2755 1394 2811 4-6
1466 2816 1471 2825 ,

106 2825 205 2883 lineas
217 2825 308 2896 longa
320 2825 466 2881 exteriore
481 2823 549 2879 eliis
562 2821 658 2879 multo
671 2824 788 2880 minore
800 2827 830 2880 et
842 2824 1023 2896 augustiora.

149 3042 207 3107 te.
225 3039 269 3106 Ρ.
286 3053 494 3123 pannosa
512 3037 634 3123 (Boiss.
650 3037 858 3123 etHaussk.)
875 3036 978 3104 dense
1005 3045 1039 3104 et
1061 3037 1220 3122 adpresse
1245 3056 1392 3122 pannose

103 3127 189 3206 alba,
211 3127 382 3212 cespitem,
400 3128 481 3194 collo
502 3127 603 3193 dense
629 3144 816 3210 squamoso,
841 3125 988 3196 caulibus
1012 3126 1197 3194 numerosis
1214 3126 1392 3193 ascenden·

106 3218 197 3285 tibus
216 3217 403 3302 paucilloris
428 3216 551 3300 cespite
579 3215 909 3299 sesquilongioribus,
940 3216 1025 3282 loliis
1052 3215 1250 3282 radicalibus
1278 3234 1394 3282 nume·

104 3309 194 3374 rosis
213 3306 338 3372 ambitu
358 3305 548 3373 orbiculatis
564 3304 709 3388 quinatis
726 3305 843 3373 loliolis
862 3303 1164 3373 chunuto-cuneatis
1186 3303 1303 3370 obtuse
1320 3306 1393 3370 5-9-

105 3396 315 3462 denticulatis
335 3393 433 3461 dente
452 3394 625 3477 superiore
641 3413 707 3463 non
728 3395 891 3474 breviore,
911 3393 997 3461 loliis
1013 3393 1241 3478 superioribus
1254 3394 1391 3461 minutis

106 3484 294 3569 tripartitis,
311 3483 443 3568 stipulis
459 3482 658 3566 lanceolatis,
673 3483 792 3566 enlycis
809 3483 932 3552 hirsuti
947 3483 1072 3550 laciniis
1086 3482 1274 3550 lanceoletis
1287 3483 1391 3550 acutis

102 3574 328 3642 externisvix
344 3571 564 3651 brevioribus,
585 3573 703 3654 petalis
721 3572 925 3655 longitudine
942 3573 1072 3657 oalyois,
1090 3571 1272 3640 seminibus
1290 3590 1392 3654 rugu-

107 3663 186 3730 losis
210 3669 255 3736 tl.

106 3773 532 3902 ιιηΗιίιᾶ.1ιὲιοίίῗ3ῗυινῑεηιρῑιιιιι
551 3773 750 3832 calcereerum
772 3774 883 3831 montis
905 3773 1024 3832 Scbebu
1045 3773 1246 3831 Kurdistenioe
1264 3773 1390 3835 Persice

140 3941 241 3999 Facies
253 3941 288 3998 P.
301 3940 471 3998 ecbuoaulis
487 3941 540 3998 sed
558 3941 679 3998 densius
696 3957 839 4014 pannose,
857 3941 930 3997 solie
948 3941 1038 3997 diem.
1056 3939 1105 3996 &9
1121 3940 1176 3996 lin.
1199 3940 1270 4010 lata,
1290 3939 1390 3997 caules

105 4013 329 4086 l·2›pollioeres‚
341 4012 509 4086 petelorum
520 4013 648 4068 tonnam
659 4017 706 4068 set
715 4012 873 4070 observare
884 4027 944 4070 non
953 4013 1044 4086 potui.
1057 4011 1105 4068 ab
1118 4011 1257 4068 affinibus
1273 4011 1391 4069 laciniis

104 4084 248 4155 oalyctnis
261 4084 408 4156 elongetis
422 4085 517 4140 scutis
530 4084 675 4140 distincta.

148 4297 203 4360 50.
228 4293 275 4360 P.
298 4293 516 4380 alpestris
533 4293 631 4380 [Hali.
650 4294 695 4360 fil.
716 4293 801 4360 llus.
823 4292 915 4359 Helv.
934 4313 967 4378 p.
990 4293 1048 4374 ee)
1066 4294 1140 4360 laete
1159 4293 1290 4374 virens,
1309 4311 1386 4361 cau·

104 4383 220 4450 diculis
239 4385 416 4467 prostratis
432 4383 666 4462 remeantibus,
679 4381 827 4450 caulibus
846 4381 1387 4468 ascendentibuspubescentibus,

106 4471 190 4540 loliis
214 4472 310 4538 inier.
331 4472 475 4556 quinatis
495 4473 612 4540 foliolis
631 4471 779 4539 eboratis
812 4471 958 4554 margine
983 4475 1017 4538 et
1044 4470 1163 4538 subtus
1194 4471 1236 4554 ad
1265 4490 1387 4540 nervos

108 4562 262 4641 patenlim
282 4561 395 4646 pilosis
415 4567 556 4647 utroque
575 4563 677 4628 latere
695 4561 814 4628 obtuse
825 4561 978 4643 dentatis,
990 4560 1122 4644 stipulis
1138 4559 1292 4627 omnibus
1310 4579 1390 4627 ova-
