3120 5162
193 347 228 405 10
720 361 942 404 cnaasrnmns.
1293 345 1473 420 Euonymus.

193 472 335 556 capsulis
351 472 554 554 qttadrilabis
574 471 912 558 subalatoaugulatis,
932 469 1025 536 arillo
1045 469 1215 536 dimidium
1235 487 1348 536 semen
1368 469 1474 535 invol-

195 566 291 625 vente
306 571 334 639 5.
356 561 696 626 Craeartaa'tricoraua
711 559 882 627 Goldenst.
904 558 941 625 lt.
959 559 983 637 Ι,
1003 577 1033 642 p.
1052 560 1133 642 444,
1152 579 1217 626 non
1236 559 1270 624 L.

227 671 303 728 Hab.
317 673 347 727 in
362 673 479 728 saxosis
501 673 623 728 ditionis
645 671 784 728 Kaharda
796 671 920 726 Caucasi
932 671 1005 743 sept
1020 669 1096 726 cirea
1112 670 1243 727 thermas
1263 670 1473 726 Constantino-

193 747 350 800 moatanas
364 743 476 814 (Stes),
490 746 521 799 in
534 744 677 800 Kacbetid
694 746 744 813 (ex
757 743 927 811 Guldenst.)
939 741 972 796 V.
987 741 1057 797 cult.

227 837 337 893 Frutex
352 837 474 893 humilis
493 837 688 906 dodrantalis,
702 837 774 893 folia
786 837 924 910 pollicem
938 836 987 892 vel
998 835 1087 909 paulo
1100 836 1230 910 amplius
1243 836 1335 906 langa
1354 835 1403 890 1-2
1419 835 1475 890 lin.

189 907 358 1052 ΐὲἰςὶᾶοᾶῗέ
365 909 550 1036 ¹pltlalplvgirlonge
563 908 729 982 petiolulati
746 909 1105 981 viridi-purpurascentes,
1129 909 1252 982 capsula
1264 910 1300 963 ea
1319 907 1353 962 E.
1375 905 1474 962 Euro·

238 1219 267 1280 6.
287 1215 332 1281 Ε.
351 1213 571 1282 latifolius
586 1213 694 1298 (Scap.
713 1212 807 1280 Cara.
827 1214 851 1280 Ι.
870 1234 900 1299 p.
921 1213 998 1300 165)
1018 1214 1119 1280 ramis
1138 1214 1299 1280 teretibus
1323 1213 1478 1280 subcom-

194 1303 319 1388 pressis
336 1304 474 1369 laevibus
498 1303 638 1386 glabris,
666 1303 753 1368 foliis
782 1303 1090 1386 oblongo-ellipticis
1121 1302 1191 1370 basi
1217 1301 1402 1369 rotundatis
1421 1303 1476 1368 vel

193 1393 405 1458 subcuneatis
425 1392 618 1459 acuminatis
638 1391 812 1458 serrulatis
835 1394 969 1475 glabris,
986 1393 1089 1476 cymis
1113 1392 1304 1457 ancillaribus
1323 1392 1416 1474 longe
1441 1397 1476 1458 et

195 1483 339 1548 tenuiter
363 1482 602 1565 pedunculatis,
627 1481 743 1563 petalis
761 1480 987 1562 subrotuudis,
1003 1481 1097 1546 disco
1115 1481 1261 1562 margine
1281 1481 1381 1562 nudo,
1400 1497 1477 1564 cap-

194 1572 276 1637 sulis
294 1571 452 1637 bii-labis
475 1570 760 1654 ungulato-alatis,
787 1571 881 1637 arillo
904 1573 1007 1636 totum
1028 1587 1141 1636 semen
1168 1569 1358 1635 involvente
1376 1577 1406 1647 5.
1430 1568 1474 1634 Ic.

193 1659 283 1743 Jacq.
300 1660 413 1726 Austr.
435 1660 498 1724 tab.
521 1661 595 1725 489.
612 1695 654 1708 -·
671 1657 709 1723 Ε.
736 1658 922 1740 leiapbloeos
941 1658 1029 1726 Stev.
1053 1658 1147 1724 Vera.
1170 1659 1267 1724 Taur.
1289 1678 1318 1742 p.
1340 1659 1400 1723 lOi
1418 1657 1476 1743 (cx

194 1747 362 1832 descript,
384 1749 486 1814 forma
504 1748 587 1814 toliis
606 1747 816 1843 minoribus).

230 1859 307 1915 Hab.
335 1860 365 1914 in
379 1859 474 1930 sylvis
491 1859 641 1914 montanis
657 1858 767 1915 montis
791 1857 901 1914 Olenos
913 1858 1109 1932 Peloponnesi
1129 1859 1268 1928 (Heldrl),
1286 1859 1426 1914 Parnassi
1446 1864 1478 1914 et

193 1929 316 2001 Olympi
329 1930 466 1986 Thessali
479 1929 614 2011 (Orphl),
626 1929 807 1985 Macedoniae
819 1931 849 1984 in
872 1930 989 2008 Athone
1002 1930 1154 2000 (Griseb.],
1167 1931 1302 1986 Thraciae
1315 1932 1346 1984 in
1366 1929 1476 1986 Haemo

194 2002 307 2071 (Fris),
326 2001 447 2073 Olympi
460 2000 584 2071 Bithyna
605 2000 740 2070 (Siliana,
761 2000 910 2056 Anatoliae
934 2001 1061 2056 borealis
1074 2002 1252 2071 (Wiedemt),
1274 2001 1431 2072 Lycaoniae
1443 2001 1476 2056 in

195 2075 295 2128 monte
305 2072 436 2128 Anemas
445 2071 584 2142 (Heldrl),
595 2071 706 2128 Ciliciae
714 2071 863 2127 orientalis
874 2073 905 2126 in
915 2072 1025 2128 ditione
1038 2073 1153 2129 Kassan
1165 2073 1243 2144 Oglu
1253 2073 1343 2142 (Kpt),
1356 2073 1479 2128 Tauriae

195 2147 225 2199 et
236 2159 319 2216 prov.
334 2143 384 2198 Cis
397 2147 426 2198 et
444 2143 757 2198 Transcaucasicarum
777 2142 906 2212 (Hohen.
925 2143 1053 2214 Leaen),
1072 2145 1224 2200 montibus
1244 2132 1351 2200 Peistae
1365 2145 1426 2199 bor.
1443 2143 1479 2198 in

196 2215 412 2287 prov.Ghtlano
426 2218 455 2268 et
473 2214 636 2268 Astarabad
650 2212 781 2284 (Bubsel
796 2212 883 2284 Bgel)
899 2214 997 2296 Vulgo
1011 2215 1144 2270 Talariee
1162 2214 1308 2286 Seiopalra
1369 2233 1373 2241 ·

231 2311 276 2364 br.
296 2310 397 2380 (iacgr.
417 2308 515 2364 Gallia
540 2307 816 2380 austro-orientalis
836 2308 976 2366 Helvetia
994 2313 1023 2365 et
1039 2310 1200 2366 Germania
1219 2309 1371 2381 aestutiae,
1389 2309 1479 2365 Italia

195 2381 301 2450 media,
319 2379 548 2466 {lransylvanie

243 2628 271 2690 7.
292 2626 336 2692 E.
358 2626 697 2711 sempervirens
721 2625 840 2711 (Rupr.
861 2625 954 2712 Mas.)
974 2627 1166 2708 lru‘ticosus,
1186 2627 1286 2692 ramis
1312 2625 1480 2692 teretibus

196 2715 333 2781 laevibus
364 2715 496 2796 glabris,
526 2715 611 2780 soliis
632 2715 887 2797 persistentibus
914 2716 1104 2799 majusculis
1126 2715 1248 2798 glabris
1274 2715 1482 2782 brevissime

199 2805 358 2887 petiolatis
377 2804 523 2886 oblongis
543 2804 647 2869 acatis
664 2804 788 2870 minute
806 2809 839 2870 et
854 2806 971 2872 obtuse
993 2805 1210 2885 denticulatis
1230 2802 1332 2888 cymis
1357 2805 1398 2869 ad
1422 2823 1480 2868 ra·

196 2893 361 2959 mulorum
376 2893 498 2975 apicem
517 2893 668 2958 subbinis
693 2893 830 2972 bibaris,
851 2893 1045 2977 pedunculis
1061 2893 1249 2976 gracillimis
1273 2893 1381 2958 bifidis
1400 2892 1480 2958 lolio

197 2981 410 3064 longioribus
427 2981 636 3063 floribus.....‚
656 2984 798 3064 capsula
820 2980 989 3068 (junioris)
1003 2983 1119 3048 loculis
1131 2983 1164 3046 in
1176 2982 1259 3046 alam
1274 2985 1404 3047 avutam
1419 2981 1482 3047 ab·

78 3085 91 3114 0
198 3074 305 3136 tusam
321 3071 370 3136 eis
389 3071 538 3151 latiorem
557 3071 765 3150 abeuntibus,
785 3073 879 3137 arilia
899 3075 1002 3137 totum
1014 3088 1127 3135 semen
1145 3070 1334 3136 involvente
1352 3083 1379 3145 5.

231 3184 307 3240 Hab.
333 3185 363 3239 in
383 3185 503 3254 regione
533 3183 664 3240 inferiori
691 3183 839 3240 montium
862 3184 1005 3240 [naeretiae
1034 3182 1200 3239 Caucasiae
1222 3187 1297 3240 inter
1317 3183 1423 3240 Kutais
1447 3189 1481 3240 et

195 3255 378 3324 Ackalzicbd,
392 3255 542 3310 Colchidis
556 3255 688 3327 (Ruprl).

232 3351 317 3434 Folia
329 3350 468 3436 inferiora
479 3351 528 3406 4-5
539 3350 663 3432 pollices
675 3351 903 3479 ¹⁰nff³2899⁰i03
916 3351 995 3435 foliis
1008 3350 1233 3423 persistentibus
1247 3352 1284 3405 ab
1294 3351 1434 3407 amnibus
1447 3355 1481 3406 et

195 3423 324 3549 1clalptisgalts
343 3422 489 3478 latrssrme
511 3423 597 3478 alatas
617 3423 656 3478 ab
675 3423 709 3478 E.
724 3423 811 3497 lutoso
823 3439 850 3478 to
869 3423 1014 3479 distracta.
1033 3422 1142 3478 Frutex
1154 3439 1190 3478 ex
1203 3421 1237 3478 el.
1258 3421 1408 3495 Ruprecht
1420 3422 1481 3478 hu-

331 3769 552 3845 uansrans
570 3769 621 3862 u.
644 3769 721 3845 uu.
743 3769 824 3859 aaa)
847 3807 900 3881 7
919 3770 1163 3862 armanda
1187 3761 1314 3860 Wigbt.

243 3985 342 4072 Gulyx
363 3992 419 4055 4-5
441 3991 527 4056 fidus
550 3989 603 4055 vel
626 3989 777 4073 partitus.
808 3990 920 4056 Patala
946 3991 1002 4055 45
1029 3989 1157 4055 sessilia
1175 3989 1329 4072 patentia.
1355 3991 1482 4059 Discus

198 4078 262 4142 late
281 4079 474 4160 explanatas
490 4081 547 4144 4-5
564 4079 660 4145 lobus
677 4079 730 4143 vel
748 4079 908 4146 sinuatus.
930 4078 1075 4146 Stamina
1088 4080 1144 4142 4-5
1158 4079 1222 4144 sub
1236 4079 1324 4144 disca
1339 4079 1477 4146 inserta.

198 4164 355 4232 Ovun'um
390 4185 478 4250 saepe
512 4168 582 4233 basi
608 4183 683 4233 cum
708 4167 797 4233 disco
824 4167 994 4236 confluens
1028 4168 1192 4251 trigonum
1229 4169 1285 4232 4-3
1321 4168 1479 4234 ioculare.

198 4253 311 4337 Stylus
327 4256 449 4337 brevis,
470 4257 620 4338 stigmata
637 4255 708 4321 tria.
731 4256 835 4322 Ovula
850 4257 883 4321 in
899 4257 969 4323 basi
986 4257 1085 4323 loculi
1102 4255 1176 4320 bina
1193 4259 1313 4322 erecta.
1333 4255 1478 4340 Capsula

201 4345 256 4424 2-3
277 4343 429 4410 locrrlaris
446 4347 501 4410 1-4
517 4363 661 4427 spemaa.
682 4344 957 4411 Seminaarillata
974 4347 1026 4411 vel
1038 4344 1207 4412 exarillata
1220 4349 1305 4411 testi
1320 4346 1482 4427 coriaced,

199 4432 364 4498 albumine
383 4450 529 4499 carnosa.
550 4469 591 4480 —
609 4433 757 4499 Frutioes
777 4449 864 4516 saepe
883 4433 1007 4518 spinosi
1025 4433 1108 4500 toliis
1125 4432 1260 4499 alternis
1276 4435 1325 4500 vel
1339 4434 1482 4500 fascicu-

198 4521 284 4604 latis‚
304 4521 406 4604 cymis
422 4521 624 4588 axillaribus.
