3094 5194
784 425 1013 468 umnnncrrnam.
1321 411 1515 484 Cryptodison

505 609 793 695 ,dulrioblscds
814 610 969 707 (Sobrcnk
990 613 1099 686 Eoum.
1121 633 1150 706 p.
1170 610 1245 702 m).

303 801 429 886 Calycis
449 817 560 882 margo
580 799 757 866 obsoletus.
774 799 890 864 Petala
905 799 1196 883 eborata-oblonga
1218 801 1347 883 integra
1366 816 1437 865 cum
1453 799 1513 864 laci·

257 892 336 958 nula
366 891 496 956 inflexa.
529 887 671 956 Fructus
701 889 865 972 didymus.
899 888 1092 972 llericarpia
1124 887 1322 972 subglobosa
1353 887 1514 971 pericarpio

257 981 432 1063 spongioso
452 978 651 1045 densissimo
671 978 755 1060 laevi,
769 977 952 1060 stylopodio
964 978 1155 1060 planissimo
1175 977 1217 1043 ob
1230 979 1411 1060 carpellum
1427 995 1442 1040 a
1458 976 1513 1042 basi

256 1069 298 1134 ad
310 1071 434 1152 apicem
453 1067 548 1132 valde
562 1071 735 1132 curvatum
751 1066 883 1132 omuino
896 1065 1024 1132 laterali
1044 1067 1078 1132 in
1092 1067 1172 1132 lacie
1193 1065 1433 1132 commissurali
1444 1065 1512 1130 inter

254 1157 349 1224 ambo
375 1155 569 1237 mericarpia
591 1154 665 1222 sito.
690 1156 812 1237 Jugad
840 1154 958 1220 obtusa
984 1155 1019 1220 in
1038 1156 1232 1239 mericarpio
1255 1155 1380 1238 juniori
1406 1159 1511 1220 tantum

255 1247 442 1330 perspicua,
458 1245 492 1309 in
509 1244 619 1310 fructu
631 1249 768 1310 maturo
783 1241 873 1308 striis
886 1243 955 1308 lere
973 1243 1127 1310 obsoletis
1141 1244 1439 1310 semicircularibus
1455 1261 1515 1308 coo·

257 1336 388 1402 stantia.
410 1333 530 1400 Semen
547 1333 637 1398 intus
654 1350 842 1412 concavum,
860 1331 1041 1398 lateraliter
1055 1337 1088 1398 et
1100 1351 1232 1417 quoque
1244 1355 1263 1397 a
1276 1332 1347 1397 basi
1359 1332 1400 1398 ad
1411 1331 1514 1413 apicem

257 1442 364 1506 usque
383 1422 584 1502 involutum,
611 1442 629 1487 a
645 1421 828 1505 pericarpio
844 1419 936 1486 facile
955 1422 1110 1502 solutum,
1130 1421 1326 1504 endocarpio
1341 1419 1515 1487 tenuirittis

122 1513 125 1520 '
256 1513 396 1596 copiosis
429 1528 588 1594 percurso
622 1511 788 1577 vestitum.
814 1504 1061 1592 Carpophorum
1092 1506 1288 1593 bipartitum
1319 1508 1513 1575 liberum.-

255 1602 375 1667 Herbae
391 1617 555 1684 perennes
575 1601 654 1666 lacie
671 1595 862 1680 Cocdrpdc's,
888 1599 1005 1681 petalis
1025 1599 1196 1676 viridulis,
1216 1598 1409 1681 mericarpio
1429 1597 1516 1663 altero

257 1707 346 1773 saepe
363 1689 524 1755 abortivo.
549 1727 591 1737 --
613 1687 727 1754 Genus
746 1687 871 1753 semine
889 1687 1144 1770 hemisphaerica
1163 1705 1304 1753 concavo
1324 1684 1514 1752 Coriendrcie

258 1778 415 1844 accedens
436 1777 495 1844 sed
512 1779 697 1844 naturalius
717 1777 758 1842 ob
771 1774 928 1854 habitum,
946 1776 1045 1841 vittas
1060 1776 1249 1860 endocarpii
1267 1793 1455 1841 numerosas
1470 1791 1513 1856 pe

257 1867 501 1950 ricarpiumque
520 1867 733 1950 spongiosum
744 1881 845 1950 prope
859 1862 1061 1947 Cocdrpdem
1077 1865 1302 1930 collocandum
1314 1883 1333 1928 a
1345 1868 1407 1948 qun
1420 1863 1512 1928 didert

257 1956 409 2039 carpellis
426 1974 491 2020 non
508 1955 711 2038 marginibus
728 1959 854 2020 tantum
872 1952 968 2018 seda
988 1952 1059 2018 basi
1073 1953 1114 2018 ad
1133 1954 1259 2036 apicem
1283 1951 1439 2030 curratis
1459 1955 1512 2033 stp-

258 2044 464 2128 lopodiisque
484 2044 585 2127 igitur
601 2044 792 2109 lateralibus
812 2041 847 2106 io
860 2043 936 2108 sinn
948 2041 1098 2108 interiori
1111 2043 1254 2108 durorum
1265 2041 1512 2124 mericarpiornn

258 2133 439 2199 occultatis.
457 2169 499 2180 -
518 2131 700 2199 Solarcnlo'u
716 2132 750 2198 ll.
768 2135 801 2197 et
817 2129 857 2194 ll.
877 2148 896 2194 e
915 2133 1029 2196 nostrat
1045 2131 1169 2196 ditione
1188 2149 1255 2196 non
1277 2130 1413 2196 oriunda
1428 2133 1458 2194 et
1471 2145 1511 2193 se·

256 2222 345 2287 nrine
372 2239 513 2286 concavo
538 2220 751 2302 Grpplodisco
776 2219 881 2285 affinis
901 2219 1012 2284 differt
1037 2219 1220 2303 pericarpio
1243 2225 1408 2286 crustaceo
1433 2217 1510 2295 duro,

257 2310 451 2393 stylopodiis
468 2310 697 2376 terminalibus
715 2314 748 2374 et
766 2309 817 2373 his
835 2307 922 2373 notis
935 2308 1218 2391 commissumque
1232 2307 1418 2374 innominati
1432 2303 1511 2386 Btso

256 2417 302 2464 rte
323 2399 426 2481 magis
454 2399 559 2463 affinis
579 2401 639 2463 est.
664 2398 771 2482 Hujus
798 2396 1031 2479 endocarpium
1060 2399 1122 2463 sub
1149 2399 1238 2463 lente
1262 2397 1355 2462 vittis
1380 2395 1511 2462 tenuibus

257 2488 399 2565 obsitum
416 2493 468 2552 est
487 2505 547 2552 nec
565 2477 606 2552 nt'
617 2487 698 2552 falso
713 2487 834 2580 dicitur
847 2485 1029 2551 eviltatum.

303 2751 329 2814 l.
355 2747 399 2817 C.
415 2747 669 2816 rutaeiolius
689 2746 818 2833 (Bunge
844 2743 893 2812 Pl.
917 2746 1028 2812 Lehm.
1048 2766 1080 2830 p.
1109 2745 1301 2832 314),collo
1320 2746 1506 2826 densosque·

253 2847 350 2918 mam,
370 2837 461 2904 caule
481 2840 664 2902 retrorsum
684 2835 1025 2918 papilloso-poberulo
1045 2836 1138 2902 terrui
1156 2837 1254 2902 tereti
1273 2853 1414 2920 superne
1429 2849 1504 2917 parce

253 2944 383 2992 ramoso
418 2926 644 3008 subangnlato,
679 2925 765 2990 loliis
800 2923 997 2990 radicalibus
1031 2925 1123 2991 humi
1160 2925 1373 2992 subincurris
1406 2921 1504 2988 ambitu

176 3049 178 3052 ·
252 3013 401 3096 oblongis
420 3015 578 3097 elongatis
595 3013 818 3096 pinnatiscctis
832 3013 921 3095 jugis
941 3013 996 3077 5-7
1015 3013 1271 3097 remotiusculis.
1298 3008 1503 3098 partitionibus

253 3104 420 3186 primariis
439 3103 474 3168 in
490 3107 658 3184 segmenta
676 3107 771 3168 ovata
790 3103 916 3167 minute
934 3102 970 3166 in
987 3101 1146 3168 lacinulas
1166 3107 1280 3169 ovatas
1308 3103 1433 3168 obtusas
1449 3117 1503 3164 nu·

253 3193 440 3258 cronulatas
455 3193 574 3274 partita
589 3191 823 3274 pinnatisectis‚
841 3191 926 3256 loliis
943 3191 1081 3256 caulinis
1093 3190 1135 3256 ad
1145 3192 1281 3274 regium
1297 3193 1430 3256 lineares
1445 3185 1505 3253 sub

253 3282 360 3346 nudas
374 3279 532 3348 reductis,
552 3281 704 3346 umbellis
725 3279 945 3359 tad—radians,
970 3278 1135 3345 involucri
1154 3285 1188 3346 et
1204 3279 1392 3347 involuoelli
1409 3275 1503 3362 phyllis

252 3370 444 3523 lilaearibus,
474 3369 575 3435 radiis
605 3369 839 3452 pedicellisque
867 3367 1040 3449 villosulis,
1077 3369 1186 3451 calyce
1211 3369 1377 3452 hispidulo
1398 3367 1503 3432 demum

252 3459 399 3540 gabrato
425 3463 467 3528 lt.

252 3567 365 3706 00le
388 3568 418 3622 in
442 3567 567 3622 desertis
588 3567 738 3638 argillosis
759 3567 965 3624 Turkestaniae
989 3566 1122 3639 (Lehml)
1141 3568 1188 3638 (V.
1207 3568 1293 3625 iloril¹
1311 3586 1330 3626 a
1351 3565 1502 3632 claBnngo

292 3733 420 3803 Pedalie,
436 3733 541 3788 folium
553 3749 620 3789 cum
633 3734 742 3806 petiole
755 3735 808 3791 5-6
818 3735 942 3807 pollices
955 3735 1080 3807 longum
1090 3734 1230 3808 pollicem
1241 3735 1346 3804 latum,
1363 3731 1476 3798 tructus(

252 3803 287 3860 cl.
302 3804 386 3876 Ege.)
398 3805 416 3860 2
430 3803 493 3875 ¹s2·3
503 3804 553 3860 lin.
567 3805 675 3877 longus
689 3805 885 3876 3¹l2—41atus.

394 3907 398 3915 ι

298 4051 327 4114 t.
353 4049 393 4117 G.
412 4051 718 4136 ammophilus
737 4052 829 4138 (Bge.
858 4052 908 4117 Pl.
935 4051 1050 4118 Lehm.
1074 4072 1104 4136 p.
1134 4051 1214 4139 315)
1243 4053 1326 4119 collo
1352 4052 1497 4136 squamata,

136 4197 137 4200 ,
251 4139 342 4203 caule
359 4137 555 4220 glaberrimo
574 4141 691 4207 obtuse
711 4143 861 4224 ungulato
882 4141 1012 4224 aphyllo
1037 4143 1193 4225 patentim
1214 4160 1353 4218 ramoso,
1373 4139 1446 4206 loliis
1460 4154 1497 4200 n·

251 4225 410 4292 dicalibus
426 4228 520 4310 longe
540 4229 703 4312 petiolatis
731 4231 855 4298 ambitu
882 4229 946 4294 late
972 4231 1077 4296 oratis
1102 4231 1373 4314 tripinnatisectis
1390 4223 1495 4293 remotis

250 4314 449 4396 petiolulatis
463 4318 499 4383 in
511 4318 644 4384 lacinias
663 4319 818 4401 oblongas
833 4319 978 4399 integras
999 4319 1051 4384 vel
1069 4319 1223 4385 att-fidas
1237 4320 1380 4402 margine
1392 4315 1496 4380 scabras

250 4401 486 4484 pinnatisectis‚
503 4406 655 4479 umbellis
670 4405 1028 4491 subquinqneradiatis
1047 4408 1148 4474 radiis
1167 4407 1302 4490 glabris,
1320 4401 1459 4473 involucri
1470 4399 1495 4462 et

250 4489 437 4650 isfflufflli
456 4494 577 4577 olym
593 4496 888 4564 lineari-suiuus
907 4495 1096 4579 rasponus,
1116 4495 1225 4580 caym
1244 4497 1369 4563 demum
1383 4489 1492 4556 pppis.
