3090 5168
246 321 300 376 138
778 337 990 380 uscunuuosrs.
1112 357 1115 362 ·
1367 322 1514 394 Trifolium

294 497 346 562 67.
371 496 414 562 Τ.
437 501 744 564 tomentosum
763 496 815 582 (L.
835 497 889 580 Sp.
919 496 1018 580 1086)
1037 493 1198 578 glabrum,
1223 493 1370 559 caulibus
1394 491 1524 574 diffusis,

249 585 381 669 stipulis
402 586 659 652 membranaceis
679 585 982 652 ovato-lanceolatis
1007 583 1211 656 acuminatis,
1239 583 1358 648 ioliolis
1386 581 1526 648 obovatis

249 674 580 757 auspicato-dentatis
594 693 680 759 saepe
691 675 827 755 retusis,
843 675 1039 758 pedunculis
1049 673 1124 740 lolio
1140 671 1347 737 brevioribus
1367 669 1524 735 interdum

249 763 425 844 subaudis,
458 765 609 848 capitulis
638 765 769 830 demum
801 764 945 846 globosis
980 764 1149 829 involucro
1186 760 1445 838 rudimentum,
1475 759 1527 825 lla-

249 853 343 918 ribus
363 853 612 932 subsessilibus,
632 853 741 934 calyce
767 854 888 920 corolla
909 857 1005 917 rosea
1030 853 1128 918 tertia
1144 856 1237 934 parte
1251 849 1404 915 liceriore
1421 848 1528 913 frudi-

249 942 319 1007 fero
339 942 437 1008 dorso
456 943 719 1025 globoso-inflato
736 946 921 1009 tomentoso
948 941 1065 1008 obtuso
1082 940 1236 1006 dentibus
1264 936 1527 1004 stabulatu-linea·

249 1030 343 1096 ribus
372 1031 449 1099 villo
487 1031 655 1097 occultatis
689 1031 919 1114 superioribus
952 1030 1101 1113 deflexis,
1134 1029 1296 1111 legumine
1321 1032 1418 1092 ovato
1450 1044 1529 1091 cour·

133 1207 136 1210 -
250 1138 367 1202 presso
381 1127 428 1199 Θ.
453 1119 495 1185 lc.
517 1121 596 1186 Mor.
616 1121 663 1185 Fi.
682 1120 774 1186 Sard.
797 1121 862 1186 tab.
884 1122 936 1185 dd.

285 1233 362 1287 Hah.
380 1233 411 1286 in
422 1225 553 1287 herbidis
567 1231 795 1286 humidiusculis
809 1232 898 1288 totius
911 1232 1031 1288 ditionis
1044 1231 1234 1286 aGrauciltlet
1245 1229 1386 1284 Thracio!
1402 1227 1443 1282 ad
1454 1241 1527 1300 prov.

251 1304 515 1359 Transcaucasicas
537 1303 616 1372 (ΜΒ
625 1305 656 1374 l),
675 1303 793 1374 Syriam
806 1307 835 1358 et
846 1303 1060 1371 Palestinaml‚
1079 1303 1228 1358 desertum
1241 1301 1317 1356 inter
1328 1300 1493 1372 AEgyptum
1505 1301 1530 1352 at

248 1375 431 1430 Palestinam
450 1375 548 1446 (hyl),
560 1375 694 1430 Persium
707 1374 867 1430 australem
881 1391 971 1446 prope
984 1374 1108 1430 Delechi
1119 1373 1188 1444 (ΚΥ.
1202 1388 1262 1428 ess.
1274 1373 1382 1441 abab.-

253 1472 460 1597 hhuldeagr.
486 1471 596 1527 Insulae
628 1471 837 1542 Canaiienses²
861 1471 942 1542 regio
970 1470 1185 1526 Mediterranea
1212 1468 1340 1540 Europae
1367 1471 1397 1522 et
1428 1465 1529 1520 Africa

275 1556 345 1598 urea
358 1559 392 1598 is.
481 1555 483 1570 ¹

299 1777 350 1841 68.
375 1773 416 1840 Τ.
442 1773 668 1842 bullatum
688 1773 811 1858 (Boiss.
830 1777 863 1838 et
875 1773 1033 1857 Haassk.)
1048 1772 1208 1854 glabrum,
1225 1772 1372 1837 natilibus
1392 1769 1533 1850 diffusis,

252 1865 384 1948 stipulis
414 1863 572 1928 brevibus
599 1863 786 1928 lariceolatis
820 1862 1199 1952 breuiteracuminatis,
1229 1861 1347 1927 foliolis
1378 1861 1532 1926 aboi-'ato-

251 1954 398 2020 cuueatis
416 1951 782 2032 retusisdeuticulatis,
802 1952 997 2034 pedunculis
1017 1949 1225 2016 fililbrmibus
1248 1950 1324 2016 lolio
1344 1949 1533 2030 sublongio-

250 2043 344 2108 rihus
366 2040 656 2118 tandem'ceruuis,
675 2041 825 2124 capitulis
846 2040 976 2106 demum
996 2040 1140 2124 globosis
1167 2040 1340 2104 involucro
1363 2038 1533 2104 rudimen·

249 2132 344 2211 turio,
363 2131 501 2196 tloribus
526 2130 775 2208 subsessilibus‚
804 2131 912 2212 calyce
944 2131 1066 2196 corolla
1095 2132 1191 2194 rosea
1222 2128 1354 2193 dimidio
1379 2128 1534 2193 breviore

249 2221 417 2286 huctilero
432 2219 531 2286 dorso
548 2219 681 2302 globosa
698 2219 810 2285 intlato
828 2219 1040 2286 obtusissimo
1059 2223 1241 2284 tomentoso
1258 2217 1412 2282 dentibus
1436 2232 1532 2298 supe-

249 2310 394 2376 rioribus
413 2309 556 2374 minimis
578 2309 722 2374 breuiter
752 2308 1021 2390 triangularibus,
1041 2307 1254 2374 ulterioribus
1277 2306 1377 2390 duplo
1406 2305 1535 2386 longio-

248 2397 342 2464 ribus
362 2398 715 2480 oblongo-lanceolam,
732 2397 896 2480 legumine
920 2403 1014 2463 ovato
1035 2414 1223 2480 compresso
1243 2402 1292 2474 Θ.

284 2513 360 2567 Hab.
373 2513 405 2566 in
417 2513 510 2584 pratis
523 2512 616 2582 Syriae
634 2512 763 2566 borealis
776 2512 814 2566 ad
837 2511 967 2584 Baradja
978 2512 1061 2566 inter
1077 2511 1191 2583 Aleppo
1212 2513 1241 2564 et
1264 2509 1375 2564 Aintab
1397 2510 1440 2564 ad
1454 2509 1535 2634 rissas

248 2583 471 2726 griagipffioweik
484 2588 513 2639 et
526 2586 555 2638 in
565 2583 784 2654 Mesopotamia
799 2583 836 2638 ad
849 2583 975 2640 fluvium
992 2583 1113 2638 Chabur
1131 2588 1163 2648 ,et
1180 2581 1218 2636 ad
1232 2579 1350 2652 Siudjar
1362 2580 1481 2650 (Hauss
1509 2581 1535 2648 t).

282 2748 329 2802 Ab
348 2748 429 2802 allini
452 2747 483 2803 Τ.
496 2753 656 2803 lamentosa
677 2747 811 2818 specifice
834 2747 949 2802 differre
966 2729 1084 2802 videtur
1100 2745 1275 2818 pedunculis
1289 2745 1481 2815 longioribus
1495 2747 1537 2800 ta

252 2819 423 2888 naiorihuS,
442 2819 553 2890 calycis
571 2819 709 2874 dentibus
723 2818 812 2875 valde
825 2819 1007 2874 abbreviatis
1021 2819 1235 2889 nigricantibus
1252 2817 1459 2888 superioribus
1477 2815 1538 2871 cal-

247 2889 417 2946 liformibus
430 2906 483 2946 nec
497 2889 661 2960 subulatis3
675 2891 762 2946 tiores
776 2895 805 2944 et
817 2889 945 2962 capitula
958 2889 1107 2945 fructifera
1118 2889 1208 2961 paulo
1223 2890 1345 2966 minora.

669 3139 760 3206 Saos.
787 3139 839 3204 IV.
867 3139 1103 3207 Vasacesrnuu·
1196 3181 1198 3192 ι

290 3329 341 3392 69.
365 3327 406 3392 Τ.
428 3343 696 3410 spumosum
717 3325 768 3412 (L.
793 3326 848 3410 Sp.
881 3326 981 3411 lust)
1008 3328 1171 3410 glabrum,
1207 3327 1354 3393 curulibus
1393 3329 1538 3396 sulcatis

245 3417 365 3482 erectis
397 3417 448 3481 vel
474 3415 615 3497 diffusis,
643 3417 774 3499 stipulis
805 3417 959 3482 scariosis
990 3417 1291 3493 semaco-caudatis,
1316 3417 1439 3484 fabulis
1472 3420 1538 3485 late

244 3505 392 3572 ohovatis
408 3505 616 3571 denticulatis
635 3505 847 3571 interioribus
866 3507 1034 3581 truncatis,
1054 3505 1204 3588 capitulis
1225 3506 1460 3588 pedunculatis
1484 3507 1544 3586 vel

243 3595 457 3660 involucratis
475 3594 618 3676 globosis
648 3593 725 3659 dein
752 3595 869 3676 oratis,
900 3595 1074 3660 bracteolis
1110 3593 1369 3676 ovato-oblongis
1402 3614 1540 3662 mucro-

243 3684 329 3748 natis
347 3683 490 3767 calycino
509 3683 589 3749 tubo
609 3683 828 3764 brevioribus
856 3683 974 3766 calycis
1002 3683 1107 3765 glabri
1133 3683 1371 3749 membranacei
1397 3685 1539 3752 demum

243 3771 339 3837 valde
357 3773 463 3837 inlluti
491 3771 578 3838 orati
602 3772 727 3838 laciniis
754 3791 772 3837 a
798 3772 871 3838 basi
894 3773 1001 3838 latiori
1027 3773 1190 3838 subulatis
1217 3772 1348 3837 demum
1379 3775 1541 3840 recurris

242 3861 321 3926 tubo
334 3862 420 3926 iuter
438 3863 480 3926 tt)
493 3879 615 3926 acervos
631 3867 823 3927 transverse
842 3862 1018 3928 nervuloso
1045 3862 1142 3945 triplo
1161 3861 1382 3938 'brevioribus
1405 3865 1541 3930 vexillo

241 3956 346 4030 acuto,
367 3950 532 4032 legumine
551 3951 820 4033 d-l-spermoO.
844 3950 885 4015 lc.
898 3951 979 4017 Mor.
993 3951 1039 4015 Fi.
1059 3950 1151 4015 Sard.
1166 3950 1230 4016 tab.
1251 3951 1303 4014 63.
1321 3987 1361 3996 --
1377 3951 1409 4015 Τ.
1427 3970 1544 4034 orgus·

242 4041 313 4102 ium
331 4038 465 4104 Russell
482 4041 601 4130 hlepp
624 4041 673 4120 11,
697 4059 728 4122 p.
746 4040 834 4106 1601
852 4043 907 4124 [ex
923 4039 1019 4125 laco).

278 4150 353 4205 Hah.
367 4151 398 4205 in
409 4152 590 4222 graminosis
604 4153 708 4207 Atticae
719 4154 747 4206 et
759 4151 880 4207 Baeotisa
894 4152 1002 4278 (sfmn
1013 4156 1019 4206 1
1031 4153 1157 4222 Helori),
1169 4153 1264 4209 Cretae
1272 4153 1379 4222 (Heldr
1388 4155 1420 4222 1),
1430 4155 1541 4212 Rhodi

241 4220 390 4293 [Bourgl),
404 4221 538 4278 Thraciae
552 4223 708 4292 (Grisebt),
725 4224 814 4278 totius
825 4227 921 4279 hnuto
936 4225 971 4278 iae
985 4225 1125 4280 littoralis
1143 4225 1330 4280 occidentalis
1346 4229 1377 4279 et
1389 4227 1544 4283 meridio-

241 4291 320 4348 nalis
338 4293 451 4362 (Boissl
466 4293 558 4364 Ball),
578 4294 671 4364 Syriae
690 4295 729 4349 ad
745 4295 860 4367 Aleppo
873 4295 1044 4365 (Hausslsl)‚
1058 4296 1096 4350 ad
1114 4295 1277 4366 Berythum
1292 4295 1376 4364 (Bit),
1394 4297 1523 4370 Mesopo

239 4365 341 4490 1⁴telmisu
361 4365 399 4420 ad
419 4364 490 4420 tluv.
512 4364 632 4421 Chahur
651 4365 787 4434 (Haiassk
795 4369 824 4436 1),
846 4365 1003 4422 Palestinae
1015 4369 1047 4422 in
1063 4367 1186 4438 planitie
1201 4365 1365 4422 Esdraiilon
1380 4367 1493 4436 [Boiss
1506 4371 1540 4440 1).

280 4478 286 4490 .
299 4451 376 4491 vere.

275 4530 324 4586 Ar.
344 4530 444 4601 (iacgr.
464 4532 556 4602 Regio
575 4531 791 4605 Mediterranea
808 4532 935 4606 Europae
949 4537 977 4589 ot
990 4533 1097 4589 atfricae
1111 4533 1246 4590 borealis.
