3290 5176
92 396 238 454 libinose
635 409 846 452 mouumosm.
1326 392 1384 450 635

91 518 190 585 ribus
203 517 353 586 breviter
366 517 553 601 rememsis,
573 517 711 586 floribus
729 519 931 598 terreberis,
948 516 1057 600 calyce
1075 517 1279 601 longiuscule
1297 517 1377 584 laei-

91 605 319 690 niolo-oblato,
343 607 508 692 legumine
531 609 595 674 lete
618 607 736 674 lineari
761 608 986 676 obtusiusoulo
1016 606 1163 690 undique
1185 607 1379 673 setoso-bis-
1452 631 1454 639 ’

92 695 269 851 ffiffiilssimo
293 696 400 764 valvis
424 697 606 840 articulatis
624 706 653 772 5.
681 694 725 762 ll.
746 693 879 763 Hobhoa
902 696 975 762 Del.
999 695 1046 761 ll.
1072 695 1128 778 Eg.
1151 695 1200 760 Ill.
1231 697 1292 760 ltl
1312 713 1379 761 non

92 897 252 1024 FlHlflle'rtin
259 896 391 972 AEgypto
403 896 555 978 superiore
564 897 602 954 ad
612 897 725 954 Ombos
734 900 763 955 et
771 897 898 970 Syenem
904 866 992 969 (Dal,
1005 897 1074 954 Sieb
1083 900 1103 968 l)
1116 897 1154 954 ad
1164 896 1242 954 Edfu
1249 893 1380 966 (Boisst).

127 1068 177 1124 Δι’.
190 1069 291 1139 lleopr.
310 1067 418 1141 Nubie,
430 1067 585 1140 Senegalia
605 1070 643 1140 et,
668 1067 695 1124 sl
715 1066 758 1124 Μ.
777 1071 924 1140 asperata
934 1065 967 1124 L.
990 1081 1051 1123 non
1066 1064 1205 1138 specifice
1217 1063 1325 1136 differt,
1348 1065 1380 1120 in

1 1211 2 1217 ἵ
94 1139 236 1196 Amerloi
248 1140 369 1212 tropice.
749 1151 752 1162 ·

486 1386 889 1458 aerumnarum
918 1387 992 1454 utu.
1047 1337 1050 1346 ’

139 1553 255 1620 Flores
275 1553 397 1637 saepius
414 1553 580 1621 bimari.
606 1550 708 1638 Galyx
723 1553 884 1620 velvetus.
907 1551 1053 1618 Stamina
1075 1550 1247 1618 indefinita
1272 1550 1379 1617 libera

1 1695 2 1704 ,
92 1642 149 1709 vel
175 1643 290 1709 intima
308 1641 503 1710 breuissime
534 1647 568 1710 et
587 1643 817 1726 irregulariter
836 1644 982 1708 connata.
1015 1640 1151 1707 Pollinis
1177 1641 1315 1722 granula
1343 1639 1377 1704 in

1 1737 2 1769 l
93 1749 226 1798 mussas
242 1733 299 1798 bii
316 1732 352 1800 in
370 1749 569 1818 unoquoque
586 1732 692 1798 loculo
706 1733 886 1815 aggregata.

424 1993 560 2070 luen
578 1992 700 2090 (nitu
728 1995 817 2090 spa.
840 1993 897 2082 u,
923 1990 1042 2084 lore).

141 2167 243 2253 Gelyx
262 2168 509 2252 campanulatus
526 2167 579 2234 vel
598 2168 774 2252 t-sepelus.
804 2165 915 2234 Petale
940 2167 1062 2252 saepius
1087 2167 1163 2249 plus
1182 2163 1292 2230 minus
1309 2181 1382 2230 eoa-

92 2259 160 2324 lite.
179 2257 325 2325 Stamina
339 2261 479 2324 exserta.
500 2256 666 2340 Legumen
684 2257 789 2323 lormi
808 2257 937 2323 varium
960 2259 1051 2322 teres
1074 2256 1128 2321 vel
1152 2270 1378 2336 compressum

92 2351 224 2503 {gezem
245 2347 296 2414 vel
310 2348 504 2413 contortum.
515 2385 554 2394 -
567 2345 717 2412 Frutioes
734 2345 788 2412 vel
807 2346 943 2412 arbores
957 2345 1042 2416 loliis
1054 2342 1105 2428 (in
1118 2342 1257 2425 nostris)
1273 2340 1379 2426 bipin-

93 2696 187 2765 Snor.
211 2696 238 2762 l.
263 2693 478 2763 Gunnmnnua.
495 2695 568 2763 Bth.
583 2731 626 2744 -
648 2693 794 2762 Arbores
823 2694 875 2761 ool
899 2691 1036 2772 frutices
1064 2693 1197 2777 stipulis
1223 2694 1378 2762 omuibus

319 2785 371 2852 uel
398 2783 571 2851 nonnullis
610 2781 872 2866 epineseentibua
904 2781 977 2849 bosi
996 2783 1198 2865 sobeoolttis,
1225 2787 1380 2850 emtarum

323 2873 446 2940 aculeis
466 2873 624 2940 destituti.
646 2872 831 2939 Petemout·
855 2871 1015 2939 exiliores
1044 2871 1299 2953 eubsoseieuloti
1328 2873 1382 2940 ael

322 2961 511 3029 terminales
529 2961 703 3039 racemosi.

524 3122 539 3152 *
575 3123 678 3181 Flores
692 3123 959 3198 globoso-capitati.

143 3247 171 3311 l.
197 3244 243 3313 Δ.
267 3243 459 3312 Nilotica
484 3243 569 3330 (Del.
590 3245 640 3312 lll.
661 3245 716 3328 lig.
737 3265 767 3329 p.
788 3244 823 3332 3)
847 3245 1003 3328 arborea,
1030 3245 1135 3330 spinis
1160 3249 1379 3330 stipularlbus

94 3334 203 3418 longis
219 3335 320 3401 rectis
330 3333 486 3400 eburneis
499 3352 666 3400 remorum
677 3334 897 3402 lloriierorum
906 3335 1064 3402 abortivis
1078 3335 1131 3400 vel
1144 3336 1254 3418 nullis,
1267 3337 1377 3421 pinnis

95 3423 256 3507 l-8-jugls
266 3423 383 3489 loliolis
394 3421 566 3506 puberulis
579 3424 777 3506 loll-jugis
789 3423 969 3490 linearibus
985 3423 1112 3491 obtusis
1123 3425 1233 3506 rectis,
1250 3427 1377 3510 pedun-

96 3511 180 3578 oulis
195 3529 315 3578 versus
332 3513 386 3586 vel
402 3529 505 3594 supra
523 3510 668 3577 medium
684 3511 869 3591 bractealis,
886 3512 1049 3594 legumine
1064 3513 1260 3596 glaberrimo
1281 3515 1378 3598 longo

95 3599 194 3684 plano
212 3599 423 3666 monililormi
439 3599 585 3666 articulis
601 3599 1067 3668 rhomboides-orbicularibua
1086 3611 1116 3680 5.

132 3709 210 3766 Hah.
224 3710 257 3765 in
269 3713 332 3766 tota
348 3709 430 3767 valle
451 3708 514 3766 Nili
535 3708 615 3765 culta
633 3712 663 3766 et
684 3709 905 3784 subspontanea
923 3711 975 3767 sed
993 3713 1202 3769 verosimiliter
1219 3729 1257 3769 ex
1276 3713 1377 3769 Nubie

96 3781 211 3910 ἓξὲξ
224 3781 357 3924 (OSrcibliudlg
368 3780 457 3922 ¹§Deli
478 3779 607 3853 Sobimp.
627 3779 744 3852 Belesi,
756 3783 832 3854 elo),
853 3781 973 3853 regione
996 3782 1094 3839 Ouadi
1114 3784 1237 3840 Hebron
1256 3785 1377 3841 Arabiae

1 3955 2 4016 l
136 3949 347 4006 verosimiliter
357 3949 485 4007 varietas
499 3949 650 4020 legumine
663 3949 768 4020 glabro
787 3949 824 4005 A.
837 3949 978 4008 Arababoe
995 3950 1095 4006 Willd.
1106 3950 1188 4006 ΞΑ.
1201 3966 1280 4008 verce
1291 3952 1375 4007 Auel.

97 4021 249 4092 legumina
268 4023 435 4076 tomenloso
448 4022 565 4076 tantum
578 4020 724 4077 distinctae
744 4023 774 4076 et
793 4036 861 4092 quae
879 4021 911 4077 in
927 4022 1098 4093 Abyssiuie‚
1118 4021 1281 4093 Senegalia,
1298 4022 1329 4078 P.
1342 4022 1377 4078 B.

1 4089 2 4150 ³
98 4091 168 4164 Spei
182 4093 212 4147 et
222 4090 309 4148 India
321 4105 440 4164 quoque
452 4091 562 4147 erescit

1 4199 2 4230 l

142 4303 173 4368 2.
197 4301 246 4370 A.
272 4301 537 4388 spirooarpa
555 4300 700 4388 (Hoobst.
721 4301 756 4367 in
773 4301 912 4386 Schimp.
930 4302 975 4386 pl.
995 4299 1080 4384 exs.)
1103 4301 1256 4383 arborea,
1272 4300 1377 4384 spinis

99 4390 317 4475 stipularibus
336 4391 533 4458 tomentellis
551 4391 764 4456 variabilibus
781 4390 854 4456 aliis
873 4391 978 4474 longis
997 4391 1095 4456 rectis
1121 4390 1193 4455 eliis
1216 4388 1376 4456 brevibus

1 4495 2 4556 ξ
100 4479 327 4562 subreourvis‚
338 4479 423 4546 soliis
441 4479 737 4546 hirto-tomentosis
755 4479 865 4563 pinnis
879 4479 1055 4564 lilii-jugis
1074 4478 1191 4544 foliolis
1211 4479 1376 4561 lli-l5-ju-

1 4591 2 4606 ¹
97 4569 147 4652 gis
163 4568 314 4653 parvulis
333 4567 667 4652 oblongo-linearibus
687 4565 933 4652 obtusiuseulis,
951 4569 1071 4651 petiole
1089 4565 1162 4632 basi
1180 4567 1377 4650 uniglandu-
