3118 5176
42 307 176 380 ,brorum
500 320 707 361 uuouumosm.

319 477 563 552 mrnlouus
582 476 627 571 (c.
648 476 722 550 cel.
748 488 781 548 ι·
800 475 889 571 sos).

67 651 137 734 latur
149 649 379 731 campanulatus
399 649 453 714 rel
472 649 669 723 turbinatus,
686 650 738 714 rel
755 649 942 724 tubulosus‚
967 649 1100 714 demum
1123 651 1243 715 immu-

37 740 143 808 busur
159 741 260 820 ruptus
278 738 326 802 rel
343 737 490 817 inflatus,
510 737 664 803 dentibus
684 740 703 802 5
729 738 910 820 {equalibus
938 739 988 803 rel
1008 738 1241 822 subiuaequali-

35 827 84 894 tu.
95 827 222 892 l'exillum
234 827 331 890 lormd
345 827 483 892 varium.
499 824 614 890 Carina
629 827 745 892 obtusa
762 827 869 892 rarius
882 831 975 894 acuta
986 847 1153 910 nunquam
1166 847 1241 894 acu·
1314 867 1315 870 =

33 913 277 998 uinaloeuspidata,
293 915 418 980 alarum
434 920 468 980 et
479 915 732 998 carinaeungues
745 915 850 997 libori,
866 915 1024 982 subliberi
1043 917 1093 980 vel
1116 917 1241 997 vagiuae

34 1005 333 1086 ebnineeplusminus
345 1004 409 1068 alte
426 1003 663 1087 adnati.Stylus
677 1005 800 1086 saepius
816 1003 972 1072 imberbis
985 1005 1152 1070 interdum
1165 1005 1241 1070 bar-

33 1093 214 1175 tuuesugm
224 1092 344 1157 nudum
355 1111 431 1182 raro
447 1092 663 1158 herbulatum.
675 1093 841 1176 Legumen
854 1093 970 1159 sessile
982 1093 1238 1176 velstipilutum,

25 1184 55 1237 ἰ
70 1208 94 1241 ιι
113 1182 188 1246 ratde
203 1182 333 1260 varium,
355 1181 493 1259 birrum,
521 1182 644 1265 saepius
668 1185 787 1248 suturd
808 1182 930 1248 dorsali
948 1182 1169 1247 bilumellatim
1190 1183 1241 1248 iu-

31 1271 123 1336 leri
143 1270 280 1352 complete
311 1271 364 1334 rel
387 1270 581 1353 incomplete
609 1270 800 1350 bibent-are,
828 1289 914 1354 saepe
951 1272 1047 1336 etiam
1078 1272 1239 1354 complete

51 1394 60 1415 ι
78 1386 82 1419 ι
101 1360 187 1438 ularc3
212 1361 325 1424 soture
352 1359 493 1424 ventrali
519 1360 690 1425 rarissime
716 1359 890 1425 introilexa
921 1366 953 1425 et
985 1365 1062 1425 tunc
1079 1377 1152 1424 cum
1173 1360 1239 1424 dis-

47 1447 185 1512 'menloe
207 1450 319 1512 sutore
339 1447 463 1513 dorsali
481 1453 553 1513 orto
577 1449 737 1530 contigui.
762 1487 799 1495 -
828 1449 946 1513 Herbae
973 1465 1091 1513 annuae
1110 1449 1161 1512 vel
1178 1466 1234 1530 pe-

40 1557 115 1614 ns,
128 1536 306 1616 subrubere,
332 1536 387 1603 vel
402 1537 536 1602 frutices
550 1537 633 1602 loliis
652 1537 924 1620 imparipinnatis,
942 1538 993 1602 vel
1007 1536 1234 1619 paripiunalis,

49 1625 135 1690 luiu
146 1625 258 1707 spinam
273 1627 416 1691 obeunte
431 1625 631 1691 increscente
643 1625 805 1691 indurato.
820 1625 952 1708 Species
968 1625 1105 1690 inFlord
1118 1624 1235 1690 Orien-

49 1742 57 1767 ι
78 1714 319 1780 numerosissime
351 1720 385 1780 ct
425 1733 597 1780 numerum
627 1713 919 1795 Leguminosarum
937 1719 1128 1779 caeterarum
1165 1715 1235 1779 lere

42 1807 148 1866 untes.
162 1839 202 1849 —
220 1801 330 1869 Genus
352 1803 462 1887 quoad
485 1803 732 1886 dispositionem
752 1803 986 1881 difficillimum,
1011 1821 1085 1867 nam
1110 1803 1171 1868 etsi
1189 1803 1232 1867 la·

34 1895 62 1945 ‘a
85 1891 302 1972 inflammantia,
327 1894 457 1958 l'ructlls
481 1893 583 1958 forma
615 1891 709 1956 valde
729 1891 906 1958 dissimiles
930 1893 1006 1973 sint,
1026 1891 1234 1958 characteres

47 2014 51 2017 ν
75 1979 138 2044 'ores
157 1985 185 2044 et
209 1982 370 2047 transibis
399 1999 465 2046 non
496 1981 682 2064 prebentes
708 1981 777 2046 lere
801 1981 932 2047 omnino
950 1981 1080 2068 desunt.
1113 1981 1236 2047 Fausto

47 2110 55 2119 .„
83 2073 177 2150 presto
192 2069 266 2134 mibi
277 2076 350 2136 erat
366 2071 495 2152 egregia
515 2087 615 2152 opera
634 2097 645 2125 ι
663 2069 834 2150 Astrupolt
845 2069 969 2152 specics
986 2069 1232 2150 Gcrcrctopcm.»

50 2184 70 2213 ,ιι
90 2157 168 2222 ,lead
180 2158 256 2240 lmp.
275 2157 402 2224 Sclenc.
420 2159 549 2241 Pclrop.
563 2161 678 2243 l868a
693 2159 818 2225 clariss.
830 2159 1009 2224 etamiciss.
1021 2157 1059 2222 Α.
1072 2158 1111 2223 de
1122 2158 1235 2240 Bonge

36 2243 142 2310 brata.
166 2250 225 2330 qui
246 2253 366 2324 auctor
388 2247 511 2329 ingenti
531 2247 641 2312 labore
659 2248 842 2330 specierum
864 2249 1035 2314 affinitates
1051 2247 1236 2328 extricavit,
1338 2324 1341 2334 ¹

43 2349 87 2396 us
100 2342 228 2400 accurate
244 2337 434 2418 descripsit,
449 2336 686 2418 synonymum,
703 2336 1033 2418 distributionemque
1044 2336 1236 2419 geographi-

52 2452 60 2475 ι
78 2423 230 2490 unnutatim
258 2425 427 2509 exposuit.
458 2425 547 2490 llanc
583 2425 849 2507 monograpbiam
882 2424 1167 2491 obseruationibus
1187 2425 1236 2488 di-

60 2511 209 2578 'nonum
228 2519 294 2598 quo
314 2514 421 2579 lector
443 2532 497 2579 res
519 2515 665 2596 singulas
690 2515 796 2580 fusius
825 2513 990 2597 expositas
1019 2514 1160 2595 reperiet
1185 2532 1236 2578 se-

47 2617 81 2664 us
95 2619 162 2668 sum.
178 2622 240 2669 non
255 2603 459 2687 pedetentim
474 2603 616 2686 quidem,
629 2601 688 2668 sed
701 2604 869 2670 nonnullis
886 2603 1016 2676 additis,
1029 2602 1080 2667 vel
1092 2603 1238 2681 mutatis,

41 2689 129 2754 riter
144 2691 315 2776 dispositis.
339 2690 393 2756 Sic
418 2691 666 2774 dispositionem
683 2691 872 2774 primarium
891 2691 1033 2756 auctoris
1050 2709 1067 2756 e
1083 2691 1234 2772 stigmate

46 2781 262 2848 =1>torelnudo
282 2780 423 2864 petitum
442 2798 514 2846 meo
539 2799 641 2846 sensu
656 2780 851 2861 Astropolos
873 2780 969 2846 nimis
993 2781 1105 2844 altines
1128 2779 1234 2844 disso-

48 2869 241 2950 tenneplexi3
259 2871 309 2936 sic
325 2869 512 2936 sectionum
528 2869 761 2935 nonnullarum
780 2869 984 2935 characteres
1002 2875 1033 2932 et
1051 2868 1235 2949 specierum

49 2980 71 3007 u
89 2955 197 3022 'tionem
230 2958 419 3042 praesertim
452 2959 538 3023 intra
570 2957 724 3037 Plurcom,
757 2957 1014 3038 Colpcopbpsum
1044 2961 1077 3022 et
1111 2956 1234 3036 Propo

68 3068 87 3095 a
132 3044 274 3113 dissimili
295 3047 426 3114 ratione
453 3047 600 3130 exposui.
621 3045 853 3111 Benevolentil
875 3046 968 3110 amici
986 3045 1043 3128 qui
1063 3045 1141 3110 mibi
1158 3063 1233 3126 spe-

64 3133 240 3287 nssrellasame
261 3137 361 3220 prius
374 3153 441 3201 nou
467 3136 554 3202 visas
577 3135 828 3202 communicavit
858 3136 926 3200 lere
950 3152 1063 3200 omnes
1091 3133 1132 3198 de
1155 3133 1232 3199 visu

57 3250 65 3271 ι
113 3239 142 3288 re
158 3227 253 3308 potui.

116 3461 290 3531 Soclicnum
314 3461 540 3531 Orientalium
559 3462 686 3550 penoris
703 3461 874 3549 Astropoli
891 3461 1075 3549 dispositio.

135 3641 278 3710 siculus
295 3643 337 3709 A.
353 3679 396 3689 -
410 3581 630 3708 blosocsnmcr
646 3638 780 3726 [Confer
791 3637 1030 3726 Plctpplottc's).

363 3804 498 3872 Subser.
520 3806 547 3870 l.
570 3804 824 3890 Eplqlottis.

64 3948 68 3959 ’
92 3944 241 4013 mediolixi
258 3944 462 4030 bicuspidati
476 3943 528 4008 uel
547 3961 648 4026 snpra
661 3942 753 4008 basin
773 3944 859 4008 affixi
876 3948 908 4010 et
920 3936 1235 4010 infra'insertionenr

82 4212 355 4288 [Hmrocaucos.
376 4217 453 4302 Bge.
475 4215 562 4282 Clau.
581 4215 694 4296 Diagu.
714 4235 745 4298 p.
767 4217 797 4280 9.
816 4253 856 4262 -
872 4213 983 4280 Flores
997 4217 1156 4282 ruccmom'.
1177 4217 1236 4283 Le-

165 4328 286 4392 pumen
302 4305 584 4372 membranaceum
605 4301 775 4370 biloculorc
794 4303 1044 4389 olipospermum
1061 4305 1235 4390 obloupum

170 4397 381 4482 turpidulum
404 4395 523 4460 sotumi
549 4393 670 4459 dorsoli
697 4393 808 4460 leuiter
836 4393 1006 4478 impresso.
1028 4433 1071 4442 —
1092 4393 1236 4482 stipulo
1279 4410 1281 4414 ·

168 4485 288 4553 liberm.
