3324 5180
222 367 276 422 744
762 387 979 430 nurnaaarnm.
1309 373 1507 432 Ammarznia.

222 492 341 560 obtuse
363 493 674 578 cordato-sagittatis
692 497 1077 581 semiamplexicaulibus,
1098 497 1288 582 pedunculis
1310 497 1504 566 axillaribus

223 581 405 649 dichotome
425 587 459 649 et
476 585 589 652 stricte
614 587 799 660 5·i-lloris,
825 587 963 655 fioribus
990 588 1153 668 minimis,
1177 587 1292 671 calycis
1320 587 1504 654 turbinato-

222 671 441 754 quadranguli
461 675 686 757 prominenter
702 677 845 742 8-uervii
865 677 948 744 lobis
967 678 1102 743 minutis
1120 675 1373 759 triangularibus
1395 678 1503 742 acutis

223 758 377 912 gentibus
401 762 606 830 intermediis
626 765 843 848 brevissimis,
862 767 979 850 petalis
993 766 1099 832 roseis
1122 765 1267 833 eboratis
1280 817 1287 848 ‚
1302 764 1502 832 staminibus

259 959 336 1018 Hah.
358 963 389 1018 in
414 963 547 1020 vallibus
572 980 655 1036 prov.
678 964 813 1020 Susianae
840 965 949 1022 Persice
974 971 1064 1022 austr.
1089 965 1127 1022 ad
1151 966 1179 1021 ss.
1202 965 1335 1037 Chyrsan
1361 965 1503 1038 frequens

222 1023 395 1105 (Hausskl),
408 1036 439 1091 in
457 1035 618 1106 nnghania
630 1036 733 1106 (crim
746 1037 829 1092 2315!
843 1039 872 1092 et
881 1035 952 1093 2316
962 1039 989 1107 ι).

256 1125 351 1186 Multo
362 1131 500 1202 gracilior
511 1133 549 1200 A.
567 1128 742 1190 auricularii
754 1137 783 1188 et
795 1133 890 1204 magis
902 1133 1071 1205 multiflora,
1082 1133 1167 1189 liores
1180 1133 1285 1189 saltem
1298 1133 1390 1206 duplo
1404 1133 1502 1188 mino·

220 1211 274 1254 res.
288 1199 456 1271 Specimina
471 1204 652 1260 Grilithiana
664 1209 693 1260 et
705 1204 823 1261 Persica
835 1220 902 1262 cum
915 1204 1025 1262 Indicis
1039 1221 1076 1261 ex
1092 1204 1201 1261 ditione
1213 1203 1350 1277 Punjanb
1367 1220 1404 1260 ex
1417 1203 1501 1260 herb.

220 1266 361 1328 Kewensi
374 1275 475 1330 missis
489 1275 611 1331 omnino
624 1280 799 1347 congruunt.
1375 1285 1379 1288 ’

254 1382 301 1438 Ar.
322 1382 423 1456 (iacgr.
442 1384 528 1441 India
541 1385 713 1459 subtrepica
726 1389 755 1442 et
769 1387 888 1459 tropica.

633 1635 827 1710 causeum
841 1637 886 1732 (n.
906 1635 979 1710 cen.
994 1636 1086 1727 aaa).

266 1819 392 1906 (lelycis
416 1824 516 1890 tubus
538 1823 757 1891 brevissimus
776 1825 963 1893 turbinatus
987 1829 1138 1909 l-gonus,
1154 1824 1219 1890 lobi
1237 1827 1257 1890 d
1272 1823 1497 1908 patenteslate

219 1913 306 1979 oveti
323 1913 477 1979 dentibus
496 1914 686 1980 accessoriis
701 1915 812 1980 nullis.
837 1916 947 1981 Petale
973 1917 993 1980 d
1017 1919 1185 1997 corrugata
1213 1913 1253 1980 ad
1278 1913 1401 1996 apicem
1424 1911 1498 1979 tubi

217 2001 354 2085 calycini
374 2001 462 2068 disco
482 2003 641 2068 urceolari
657 2004 791 2069 inserta.
812 2005 957 2070 Stamina
982 2005 1001 2069 8
1033 2023 1093 2086 per
1112 2001 1202 2086 paria
1227 2003 1342 2086 petalis
1368 2001 1495 2066 alterna

215 2091 256 2156 ad
282 2091 375 2157 basin
401 2092 471 2158 tubi
498 2092 631 2157 inserta.
665 2091 778 2175 Stylus
803 2093 974 2170 difformis,
1002 2094 1116 2174 stigma
1146 2091 1329 2175 capitatum.
1353 2087 1511 2178 Gapsula·

215 2180 333 2262 calgcis
361 2181 432 2246 basi
453 2182 573 2264 stipata
595 2181 727 2264 globosa
754 2181 1026 2264 quadriloeularis
1056 2179 1281 2262 irregulariter
1305 2183 1413 2262 rupta.
1435 2177 1495 2246 Se-

215 2269 303 2334 mina
319 2289 495 2336 numerosa
513 2271 670 2353 placentis
685 2271 914 2337 crassiusculis
938 2269 990 2335 axi
1007 2269 1132 2335 adnalis
1152 2269 1284 2335 inserta.
1306 2305 1348 2315 —
1367 2268 1494 2334 Frutex

218 2357 449 2441 glaberrimns,
469 2361 554 2425 foliis
571 2359 740 2442 oppositis,
761 2359 900 2425 floribus
916 2360 1007 2424 albis.

263 2625 289 2688 l.
314 2625 357 2690 L.
378 2626 483 2694 alba
502 2626 606 2712 (Lam.
625 2627 708 2693 Dict.
727 2629 752 2694 l.
772 2649 801 2712 p.
828 2629 905 2713 loe)
925 2630 1025 2695 ramis
1044 2629 1201 2712 oppositis
1224 2627 1382 2693 teretibus
1403 2635 1493 2710 saepe

212 2713 344 2780 tandem
380 2716 654 2800 spinescentibus,
688 2717 773 2786 loliis
812 2719 958 2784 breviter
997 2717 1158 2801 petiolatis
1193 2717 1491 2782 ovato-lanceolatis

210 2801 360 2885 integris,
389 2805 509 2871 llorum
539 2808 703 2890 corymbis
725 2807 883 2874 brevibus
907 2807 1094 2874 multilloris
1120 2805 1160 2870 ad
1187 2805 1293 2889 apices
1322 2823 1490 2870 ramorum

209 2892 404 2973 geniculatis
424 2905 452 2970 5.
479 2895 519 2960 lc.
554 2896 663 2979 Wigbt
683 2897 730 2962 lll.
752 2897 804 2962 tab
838 2899 891 2963 87.
909 2896 996 2963 -L.
1015 2894 1152 2960 inermia
1167 2901 1200 2960 et
1223 2894 1260 2959 L.
1289 2893 1426 2976 spinosa
1452 2893 1489 2957 L.

210 2978 305 3063 Spec.
328 2985 402 3050 498.

243 3091 318 3147 Hab.
333 3095 364 3148 in
377 3093 515 3221 AEgygm,
525 3096 635 3152 Arabia
644 3101 762 3169 petraea,
774 3098 875 3154 Persia
888 3098 940 3154 ubi
954 3099 1120 3170 frequenter
1129 3093 1299 3164 colitur‚sed
1311 3109 1349 3149 en
1363 3093 1405 3148 ibi
1418 3109 1488 3149 vere

206 3167 388 3234 spontanee?
401 3165 435 3220 In
473 3166 618 3224 elutschid
630 3169 770 3240 indigena
782 3169 898 3238 (Stocks
906 3173 930 3239 l)·
939 3169 1065 3226 Arabico
1077 3166 1205 3225 chnclc

243 3274 290 3329 Ar.
309 3273 411 3344 deogr.
424 3273 516 3331 India.

527 3667 652 3740 (llll).
676 3669 799 3738 XLV.
830 3666 1161 3740 ONAGRARlAE

591 3845 676 3912 Juss.
697 3846 780 3912 Anu.
800 3847 878 3911 llus.
898 3845 954 3928 ΙΙΙ,
975 3864 1007 3928 p.
1028 3846 1101 3910 315.

247 4017 362 4083 Flores
387 4011 642 4106 lrermaplrroditi
676 4024 844 4104 regulares
868 4022 977 4088 rarius
1001 4021 1211 4103 irregulares.
1235 4017 1359 4101 Galycis
1380 4021 1483 4088 tubus

202 4106 316 4172 orario
333 4107 484 4188 adnatus,
504 4109 624 4176 limbus
644 4113 702 4176 4-6
720 4113 829 4179 rarius
851 4109 1028 4194 i-partitus
1048 4109 1172 4176 laciniis
1192 4107 1342 4174 valvatis.
1369 4107 1483 4176 Petale

190 4198 250 4260 -tot
266 4199 347 4278 quot
364 4197 483 4278 calycis
503 4198 626 4264 laciniae
641 4218 714 4266 cnm
731 4202 778 4268 eis
796 4201 990 4268 alternantia
1009 4199 1208 4266 estivationc
1230 4201 1389 4265 contorta.
1410 4197 1484 4266 Sta-

202 4282 381 4349 minaeum
403 4285 519 4367 petalis
544 4287 584 4352 ad
600 4289 734 4355 'lancem
759 4291 830 4357 tnbi
853 4291 978 4356 inserta
996 4289 1137 4355 definita.
1165 4285 1320 4352 Ovarium
1336 4286 1482 4354 interum

205 4371 482 4454 l·pluriloculare.
500 4373 614 4456 Stylus
642 4378 812 4460 difformis,
835 4380 951 4460 stigma
970 4378 1145 4462 capitatum
1164 4375 1211 4440 vel
1232 4373 1477 4456 quadrilobum.

201 4456 305 4526 Ovula
336 4465 494 4544 anatropa
524 4463 558 4526 in
588 4465 704 4533 loculis
734 4469 879 4534 solitaria
907 4469 959 4534 vel
988 4483 1171 4533 numerosa.
1195 4461 1336 4530 Fructus
1365 4465 1480 4532 varius

198 4549 380 4630 capsularis
400 4549 450 4614 vel
467 4557 750 4623 nucamentaceus.
773 4557 904 4624 Semina
921 4554 1177 4622 exalbuminosa.
1197 4589 1238 4600 —
1254 4550 1383 4618 Herbae.

179 4832 231 4844 a*
