3090 5168
190 245 244 300 136
723 257 933 300 nncuumosnr.
1303 239 1467 312 Trifolium.

224 365 272 420 Ar.
289 365 389 436 (iacgr.
413 365 523 421 Insulae
536 365 740 434 Canarienses,
749 364 879 432 Medera,
892 364 1012 436 Europa
1025 363 1124 418 media
1135 365 1165 418 et
1177 331 1317 418 australis
1337 362 1468 418 aSuecit

190 435 227 491 ad
242 435 378 492 Rossiam
389 437 529 506 mediam,
544 437 642 492 Africa
655 436 791 526 borealis,
801 436 973 506 Abyssinia.

235 666 288 731 63.
313 665 355 732 T.
367 665 597 752 physodes
609 668 713 753 (Stet.
733 669 766 734 in
780 667 860 734 nb.
882 669 979 734 Tuur.
996 665 1093 733 Cano.
1106 666 1148 748 11,
1165 686 1195 749 p.
1214 665 1294 750 tit)
1309 665 1469 748 glabrum,

190 755 339 822 caulibus
355 756 627 823 decumbentibus
651 776 717 823 non
736 757 941 841 repentibus,
962 757 1095 840 stipulis
1111 761 1205 839 parte
1225 754 1327 824 libert
1347 755 1470 820 lanceo-

190 843 265 908 latis
289 845 384 928 longe
404 846 553 926 setaceis,
572 847 689 912 foliolis
706 848 811 913 ovatio
831 848 883 912 rel
903 843 1469 929 ellipticisspinense-denticulatis

190 932 386 1016 peduncutis
403 934 596 1002 exilioribus
613 941 646 1000 et
658 937 884 1001 terminalibus
897 935 971 1000 lolio
984 935 1176 1018 aequilongis
1194 933 1246 998 vel
1259 931 1471 1014 longioribus,

188 1022 341 1104 capitulis
351 1023 607 1105 globoso-oratis
617 1044 682 1090 non
691 1025 916 1099 involuciatis,
926 1023 1097 1088 bracteolis
1111 1021 1352 1100 minutissimis,
1363 1021 1470 1102 calyce

186 1109 334 1176 breviter
351 1112 543 1196 pedicellatc
560 1115 681 1181 corotit
701 1117 795 1179 rosei
807 1115 882 1197 plus
899 1113 998 1196 duplo
1011 1111 1163 1178 breviore
1179 1110 1369 1176 multinervi
1386 1111 1472 1175 fruc-

188 1199 283 1264 tiiero
312 1200 411 1266 dorso
436 1200 713 1283 globoso-inflato
740 1201 920 1283 galeilormi
946 1202 1063 1267 villoso
1092 1200 1246 1266 dentibus
1273 1199 1349 1264 labii
1375 1216 1473 1280 supe-

186 1288 286 1353 rioris
299 1288 471 1356 latioribus
491 1291 679 1357 lariceolatis
696 1293 856 1374 porrectis
871 1291 1083 1356 inferioribus
1096 1289 1259 1356 subulatis
1278 1289 1377 1354 rectis
1393 1286 1471 1354 tubo

187 1377 475 1459 sublongioribus,
494 1380 657 1460 legumine
684 1379 820 1462 oblongo
848 1390 893 1454 tl.
921 1379 953 1444 Τ.
986 1378 1114 1460 Coponi
1144 1377 1245 1443 Tineo
1268 1376 1384 1460 Pugiil.
1408 1374 1470 1440 Sic.

185 1485 217 1548 p.
241 1467 289 1531 16.
308 1504 353 1513 -
374 1468 406 1534 Τ.
426 1467 637 1549 ocutiJ‘otium
657 1469 731 1534 Bor.
755 1476 787 1535 ct
806 1468 862 1534 Cb.
887 1469 933 1532 rt.
952 1468 1062 1550 Pelop.
1086 1487 1115 1550 p.
1137 1469 1189 1543 51,
1211 1466 1274 1530 tab.
1295 1468 1347 1547 18,
1368 1466 1424 1548 sig.
1445 1467 1472 1528 1.

186 1589 230 1600 —-
249 1552 281 1619 Τ.
302 1555 493 1622 caenaculum
509 1557 597 1640 Bory
613 1563 645 1622 et
660 1557 781 1624 Cbaub.
802 1559 920 1642 (clini).
940 1595 982 1604 —
1004 1557 1036 1622 Τ.
1053 1555 1179 1622 autum
1196 1556 1310 1622 Bivon.

221 1663 298 1720 Hab.
310 1665 342 1721 in
356 1668 476 1739 regione
495 1668 641 1738 sylvatied
654 1671 792 1724 monmnd
802 1669 924 1723 Graeciae
938 1669 968 1722 in
981 1666 1131 1738 Argolide,
1145 1667 1274 1723 Laconia
1286 1672 1315 1722 et
1324 1664 1473 1721 Messenii

186 1735 296 1806 (Boryt
310 1737 421 1794 Heldrl
450 1740 536 1795 Boiss
546 1743 574 1810 t),
591 1741 694 1795 Atticae
714 1745 813 1795 monte
827 1740 937 1796 Parnes
950 1741 1047 1808 [Santi
1061 1739 1148 1794 Botss
1157 1741 1185 1808 Ι),
1200 1738 1313 1793 Baeotid
1325 1736 1435 1804 (Heldr
1445 1740 1474 1806 t).

186 1806 315 1890 Thracia
332 1825 424 1892 prope
438 1810 614 1882 Byzantium
630 1812 706 1880 (Noe
717 1813 746 1880 1),
768 1811 915 1866 Aiiatoliae
928 1812 958 1865 in
973 1810 1117 1880 Bithynia
1128 1810 1168 1886 ad
1189 1809 1254 1864 Boii
1273 1814 1303 1890 et
1315 1807 1474 1863 Sairanbol

186 1878 286 2004 &Wted
292 1882 319 1949 1),
331 1897 361 1936 in
371 1883 594 1986 montesiadtno
608 1883 703 1938 Cariae
717 1882 816 1951 (Boiss
827 1885 857 1953 t),
871 1882 962 1962 Lycii
976 1880 1316 1980 (Bourgl),rPampbybd
1329 1879 1475 1980 (1191611),

211 1949 290 2007 theid
315 1951 417 2022 (nali),
440 1953 572 2024 lhrpgtd
611 1969 682 2026 rope
704 1953 828 2009 Onchak
851 1953 957 2022 (Ball),
977 1955 1022 2023 tiy
1045 1969 1077 2008 ro
1099 1951 1375 2023 [byt),bpr1dbor.
1397 1954 1470 2005 uniet

186 2021 296 2076 Aintab
310 2027 338 2078 et
350 2024 464 2108 dleppo
477 1971 613 2094 (Hauslen
623 2027 643 2094 t)
656 2031 685 2080 et
697 2026 734 2107 in¹
747 2029 847 2080 nronte
858 2027 976 2106 Amano
990 1969 1051 2094 (lg¹
1061 2026 1095 2151 ig).
1112 2023 1225 2078 Libano
1244 2039 1299 2106 pro
1321 2039 1336 2077 e
1361 2021 1474 2102 Solima

186 2092 386 2236 {ghss}'l)be÷11b
395 2095 582 2222 ἐξέῖειυωεο
601 2096 737 2151 orientali
758 2098 917 2167 (Stevt),1n
937 2095 1048 2168 alprms
1096 2095 1279 2166 aghestamae
1369 2093 1473 2148 ’6606

231 2263 264 2346 β.
283 2264 481 2348 psilooulpr.
517 2305 544 2314 ‹-
562 2265 662 2349 Cotyn
680 2266 778 2331 etiarn
807 2265 954 2330 fructifer
984 2265 1083 2330 dorso
1107 2263 1222 2347 glaber
1253 2263 1303 2328 vel
1328 2261 1475 2328 obsolete

186 2351 358 2435 pilosnlus.
375 2392 419 2401 —
440 2355 472 2419 Τ.
493 2354 752 2420 solerorrliiuum
771 2354 875 2420 Boiss
903 2355 1016 2436 Diagn.
1041 2353 1111 2419 Ser.
1130 2353 1158 2432 1,
1180 2355 1210 2431 9,
1232 2375 1260 2436 p.
1279 2354 1330 2418 28.
1344 2351 1474 2416 Formis

186 2440 390 2508 intermediis
407 2445 467 2509 boc
485 2445 527 2509 ad
546 2449 661 2528 typum
679 2445 822 2510 transire
841 2443 1031 2508 observavit
1049 2445 1087 2508 el.
1105 2442 1256 2508 Blancbe.

222 2550 297 2606 Hab.
310 2551 341 2607 in
355 2552 529 2608 Antilibano
543 2553 580 2608 ad
594 2553 749 2624 Rasoheya
763 2552 862 2620 [Boiss
872 2554 894 2621 l)
916 2557 944 2606 et
969 2551 1082 2606 Libano
1095 2551 1132 2606 ad
1149 2551 1289 2607 Hasroun
1308 2555 1337 2606 et
1350 2550 1473 2605 Dimam

185 2620 236 2690 (bl
245 2624 275 2691 t),
288 2623 319 2676 in
337 2624 388 2678 vie
400 2625 477 2678 inter
490 2624 656 2696 Berytbnm
667 2628 697 2680 et
712 2625 891 2678 Damascun
907 2623 1001 2692 (Gaill
1014 2625 1045 2692 t).

221 2693 340 2750 Corolia
369 2695 399 2751 Τ.
412 2695 551 2769 pbpsodic
564 2701 598 2752 ed
624 2695 654 2752 Τ.
670 2693 815 2779 dapiferi
837 2695 923 2749 tertie
944 2698 1026 2765 parte
1048 2693 1180 2763 longior,
1205 2691 1351 2748 vexillum
1373 2690 1473 2762 inagis

183 2762 365 2836 elongatum,
389 2767 519 2850 capitula
538 2767 688 2822 fructifera
705 2765 838 2838 ejusdem
859 2765 919 2820 fere
944 2765 1169 2835 magnitudinis,
1196 2764 1311 2818 laciniae
1327 2761 1474 2834 calyoinae

186 2835 336 2905 longiores
356 2841 385 2892 et
400 2853 498 2894 narnus
518 2838 690 2912 inaequales.

220 2931 266 2985 Ar.
288 2931 387 3002 (iacgr.
407 2931 516 2988 Sicilia.

229 3171 282 3234 dt.
307 3171 349 3236 Τ.
366 3175 548 3238 tumens
561 3173 665 3256 (sior.
680 3174 713 3237 in
730 3173 808 3238 bili.
821 3174 867 3238 ill.
882 3174 980 3240 Taur.
996 3171 1088 3239 Cauc.
1103 3172 1143 3253 11,
1165 3191 1201 3254 p.
1216 3171 1295 3254 itt)
1308 3168 1472 3252 glabrum,

183 3259 331 3324 caulibus
358 3279 375 3323 a
399 3261 576 3326 rhizornate
604 3262 756 3328 indurato
793 3263 921 3329 diffusis
956 3263 1111 3328 tenuibus
1138 3259 1308 3342 elongatis,
1335 3259 1472 3340 stipulis

183 3347 258 3413 latis
271 3349 666 3431 triangulari-lanceolata
681 3351 1039 3425 salariata-attenuatis
1050 3349 1167 3416 foliolis
1182 3349 1329 3415 obouatis
1345 3347 1472 3412 retusis

183 3452 270 3519 saepe
289 3437 507 3516 denticulatis,
526 3439 721 3522 pedunculis
735 3441 891 3506 tenuibus
909 3440 984 3504 iulio
1002 3440 1130 3523 i-d-plo
1154 3436 1367 3520 longioribus,
1384 3436 1474 3518 capi-

115 3535 119 3548 ·
181 3525 261 3592 tulis
277 3527 390 3610 parvis
406 3545 472 3593 non
489 3527 713 3602 involucratis,
732 3529 904 3595 bracteolis
922 3528 1088 3608 obsoletis
1105 3527 1244 3593 floribus
1266 3525 1470 3609 pedicellatis

182 3615 315 3680 tandein
334 3615 483 3695 deflexis,
502 3617 621 3700 calycis
641 3617 761 3682 corelli
780 3618 900 3699 pallide
929 3621 1025 3682 rosei
1044 3617 1144 3699 duplo
1171 3615 1334 3680 brevioris
1352 3613 1472 3678 fructi·

184 3703 244 3768 feri
267 3705 365 3770 dorso
391 3703 495 3769 inflati
521 3705 642 3771 hirsuti
661 3705 816 3771 dentibus
841 3706 972 3773 duobus
992 3694 1223 3788 superioribus
1239 3703 1402 3786 porrectis
1422 3703 1474 3767 in-

182 3792 360 3947 feripribus
389 3795 487 3858 rectis
517 3795 595 3860 tubo
622 3794 915 3876 subbrevioribus,
941 3794 1105 3877 legumine
1138 3793 1276 3859 obovato
1305 3791 1374 3856 basi
1387 3797 1474 3856 atte-

184 3892 356 3955 amon.
730 3906 734 3916 =

219 3995 295 4050 Hab.
315 3995 346 4049 in
366 3997 543 4066 graminosis
569 3997 708 4052 demissis
730 4000 760 4051 et
781 3999 926 4053 montosis
949 3999 1049 4053 iberiae
1074 3998 1165 4067 (Stes.
1185 3995 1329 4062 Holienb,
1346 3995 1472 4050 ditionis

183 4067 320 4136 Talyscb
338 4065 383 4135 [C.
398 4070 431 4122 Α.
446 4068 493 4137 bl,
508 4068 613 4138 Hohl),
641 4068 749 4124 Perstat
770 4067 833 4122 bor.
848 4071 1004 4125 maritimae
1010 4083 1107 4195 frope
1122 4067 1229 4123 Rescbt
1241 4065 1383 4135 (Buhsel)
1396 4071 1428 4121 et
1440 4067 1472 4122 in

182 4141 283 4193 {notite
297 4136 405 4194 Elbrus
419 4155 509 4210 prope
524 4138 669 4208 Passgala
681 4138 751 4209 (ΚΥ.
768 4155 827 4195 exs.
841 4140 937 4211 2961).
953 4141 996 4195 Fl.
1029 4155 1077 4225 up.

226 4239 257 4304 A
282 4239 541 4322 procedentibus
561 4240 709 4305 caulibus
731 4243 764 4304 et
785 4239 978 4322 pedunculis
1000 4239 1165 4318 tenuibus,
1183 4237 1333 4324 capitulis
1355 4237 1471 4320 paruis

181 4327 232 4393 eis
250 4329 281 4393 Τ.
303 4326 492 4408 resupinati
511 4347 575 4393 non
592 4328 782 4411 angoribus,
798 4327 938 4396 floribus
969 4329 1097 4411 longius
1115 4327 1316 4410 pedicellatis
1335 4325 1470 4391 totidem

181 4417 322 4482 deflexis
349 4417 528 4482 diversunt.
559 4416 671 4482 Simile
701 4417 734 4482 Τ.
768 4417 962 4498 resupinato
987 4418 1047 4483 sed
1063 4433 1208 4500 perenne
1232 4415 1339 4480 radice
1359 4413 1473 4480 ualidi
