3118 5176
236 257 295 314 240
776 279 984 320 LEGUMINOSAE.
1031 265 1212 338 Astrapctua
1225 265 1515 340 (XV.Platyglottis).

242 387 332 452 tibus
351 387 430 454 tubo
445 389 665 470 brevioribus,
685 390 905 472 leguminibus
927 390 1187 472 orato-oblongis
1207 390 1469 474 depressissimis
1486 393 1515 458 in

243 495 434 543 mucronem
453 478 588 544 brevem
608 478 791 545 reduncum
815 479 1013 546 abeuntibus
1040 481 1138 545 dorso
1165 479 1374 561 planiuscolo
1405 481 1517 546 lateat

243 583 357 648 parurn
371 567 532 649 profunde
547 568 682 634 sulcatis
697 573 815 633 ventre
830 570 883 633 rix
896 569 1050 634 carinatis
1064 569 1159 634 valde
1172 569 1518 651 tuberculum-rugosis

244 655 386 736 sparsim
402 656 631 740 albo-hispidis
652 659 698 728 Θ.
712 692 757 705 -
770 657 807 721 Α.
829 657 1061 740 Kotscopcuus
1079 657 1186 722 Fiscb.
1209 659 1244 722 iu
1260 657 1321 740 ΚΥ.
1343 657 1385 740 pl.
1406 658 1516 742 Alepp.

245 761 310 808 nori
330 743 434 808 Boiss.
956 801 959 808 .

197 893 201 904 .
280 855 356 909 Hab.
371 857 400 910 in
411 856 502 911 aridis
515 859 543 912 et
555 857 635 926 agris
647 857 768 912 incultis
783 857 877 930 Syriae
891 857 929 912 ad
940 857 1063 930 Aleppo,
1076 857 1186 912 Aintab
1200 857 1268 928 (ΚΥ.
1281 857 1349 913 252!
1365 857 1520 928 HausslrlJ,

243 926 417 982 Antilibano
436 927 473 982 ad
490 928 646 998 Rascheya
665 927 796 998 (Boisst)
816 934 844 984 et
862 929 1044 983 Damascum
1067 927 1165 998 (Kytt,
1185 929 1331 984 Libanum
1350 928 1430 984 circa
1443 928 1518 984 Eden

244 997 293 1066 (Bl
303 1001 331 1066 l),
344 998 525 1053 Palestiuam
540 999 601 1069 (ΚΥ
613 999 667 1054 804
677 1003 707 1070 i),
726 1004 858 1055 montem
871 1000 1008 1055 Cassium
1026 999 1132 1068 (auch.
1146 998 1255 1069 laam),
1277 1000 1519 1070 Mesopotamiam

244 1068 419 1208 gintrauffikpl,J
425 1071 580 1195 Abslsygiam
596 1071 634 1125 ad
647 1070 762 1126 Mossul
774 1071 896 1140 (Botta),
910 1070 1045 1126 Ciliciam
1052 1073 1082 1125 in
1091 1071 1223 1126 arenosis
1236 1070 1393 1126 maritimis
1402 1071 1443 1125 ad
1450 1071 1519 1126 Mer·

362 1157 378 1194 a
422 1183 427 1194 .
479 1183 484 1194 .
525 1157 569 1212 pr.

280 1239 386 1294 Cautes
400 1256 479 1365 saepe
498 1240 628 1312 pedales,
648 1239 764 1296 flores8
781 1240 887 1332 umisa
907 1239 1045 1311 legumen
1055 1239 1093 1324 10
1110 1239 1162 1294 lin.
1177 1239 1301 1310 longum
1318 1225 1409 1308 3¹s2-'d
1431 1238 1519 1294 latum

244 1325 383 1365 mucrone
407 1327 442 1365 va
456 1311 493 1366 de
521 1311 660 1380 redunco,
684 1312 955 1384 depressrssrmum,
968 1311 1153 1382 margrnrbus
1178 1326 1258 1382 saepe
1281 1309 1520 1381 subaugulatum,

244 1383 412 1436 transverse
428 1387 457 1437 et
469 1381 589 1454 oblique
605 1384 953 1453 rugoso-tubercutatum.

286 1559 336 1621 55.
358 1557 405 1621 A.
434 1555 667 1640 ancyleuS,
686 1559 794 1641 patule
822 1556 1074 1636 albo-hirsutus
1095 1556 1244 1622 caulibus
1267 1555 1456 1638 prostratis,
1479 1554 1521 1620 lo-

239 1645 325 1711 liolis
350 1645 530 1729 8-lO-jugis
550 1646 698 1712 eboratis
726 1647 860 1726 retusis,
889 1645 1020 1728 stipulis
1045 1644 1303 1728 triangularibus
1329 1643 1520 1726 cuspidatts,

240 1735 362 1799 racemi
380 1735 561 1800 laxiuscule
582 1735 752 1800 multillori
784 1735 968 1818 pedunculc
998 1733 1073 1798 folio
1091 1735 1247 1815 longiore,
1265 1733 1384 1815 calycis
1413 1733 1521 1814 nigro-

240 1822 360 1888 hirsuti
386 1823 540 1888 dentibus
571 1825 650 1888 tubo
676 1823 841 1906 subduplo
878 1822 1095 1896 brevioribus,
1119 1822 1339 1904 leguminibus
1368 1821 1522 1903 oblongo

242 1910 427 1976 lanceolatis
448 1911 541 1976 valde
560 1911 728 1994 depressis
753 1913 786 1978 in
806 1911 973 1995 cuspidem
1005 1911 1228 1992 longissimam
1253 1911 1416 1976 aduncam
1444 1917 1523 1976 atle-

240 2000 348 2065 nuatis
369 2000 467 2065 dorso
491 2001 705 2082 planiusculis
725 2003 780 2066 vix
806 2001 940 2066 sulcatis
957 2003 1072 2065 ventre
1089 2000 1234 2065 obsolctc
1254 1999 1411 2064 carinatis
1433 2017 1520 2063 mar·

239 2089 314 2170 gine
329 2089 546 2154 subcarinatis
565 2089 916 2173 tuberculato-asperis
935 2089 1045 2171 patule
1058 2088 1198 2172 hispidis
1214 2096 1263 2166 Θ.

275 2199 352 2268 Hab,
368 2199 398 2253 in
412 2199 599 2272 Cappadocia
612 2202 680 2269 (nc.
695 2200 768 2256 herb
777 2204 805 2272 l),
818 2202 848 2256 in
860 2201 982 2272 planitie
996 2201 1070 2255 circa
1087 2201 1254 2254 Uaesaream
1267 2199 1335 2268 [Bal
1345 2201 1364 2268 l)

276 2299 380 2353 Affinis
393 2299 430 2352 A.
444 2297 624 2354 trabeculam
641 2299 694 2354 sed
707 2305 785 2355 certe
799 2300 955 2354 distinctus
976 2297 1125 2368 legumine
1144 2299 1175 2352 in
1188 2301 1317 2352 rostram
1328 2297 1447 2368 3-i-plo
1461 2296 1524 2352 lon-

241 2370 307 2440 gius
320 2371 600 2441 patenti-curvatum
619 2385 673 2426 nec
696 2370 858 2426 reduncum
879 2371 993 2425 sensim
1012 2371 1165 2424 attenuato
1182 2384 1250 2424 cum
1271 2384 1306 2424 eo
1330 2368 1526 2424 dactriacus

241 2455 320 2513 saepc
334 2441 437 2511 longo;
459 2441 607 2510 margines
623 2441 784 2512 praesertim
799 2441 885 2497 basin
900 2457 1003 2496 versus
1020 2441 1151 2496 carinati.

286 2630 337 2692 56.
363 2627 409 2692 A.
423 2626 721 2710 bombycinus
749 2627 870 2713 (Boisa
892 2627 1005 2708 Diagn.
1027 2625 1096 2691 Ser.
1115 2625 1139 2698 l,
1161 2626 1191 2706 d,
1211 2645 1241 2708 p.
1264 2627 1322 2710 50)
1346 2625 1462 2708 patule
1491 2631 1526 2690 et

240 2716 387 2782 flexuose
406 2716 634 2795 albo-lanatus,
652 2716 800 2782 caulibus
820 2716 1005 2799 prostratis,
1038 2714 1156 2780 foliolis
1186 2715 1342 2797 6·8·J'ugis
1369 2715 1527 2779 obovatis

238 2806 362 2870 retusis
396 2822 482 2886 saepe
512 2805 761 2886 approximatis
789 2804 908 2870 racemi
939 2803 1120 2868 laxinscule
1152 2803 1301 2868 b-d-llori
1332 2802 1525 2884 pedunculo

238 2894 351 2959 folium
366 2898 515 2975 mouente
536 2893 585 2957 vel
600 2892 763 2974 breviore,
783 2894 901 2976 calycis
922 2892 1021 2958 lanati
1041 2891 1196 2960 dentibus
1216 2892 1296 2957 tubo
1316 2892 1371 2955 vix
1388 2891 1529 2956 brevio-

236 2983 342 3061 ribus
361 2981 579 3064 leguminibus
599 2981 746 3064 oblongis
767 2981 935 3065 depressis
952 2981 1098 3046 incurvis
1115 2981 1149 3047 iu
1170 2998 1360 3047 mucronem
1380 2979 1525 3046 brevem

237 3077 363 3136 rectam
383 3071 433 3135 vcl
445 3071 682 3136 subcnrratum
696 3071 892 3136 abeuntibus
908 3069 1005 3134 dorso
1023 3069 1087 3135 lato
1106 3071 1241 3135 sulcatis
1261 3075 1378 3134 ventre
1395 3070 1526 3133 carina-

238 3160 281 3225 tis
305 3161 451 3242 margine
480 3159 663 3241 prreseriim
691 3159 1008 3241 reticulato-rugosis
1028 3159 1249 3224 albo-hirtulis
1271 3166 1319 3236 Θ.
1350 3157 1387 3222 Α.
1409 3156 1528 3222 Saltu·

237 3248 352 3312 censis
372 3249 447 3330 ligc.
468 3247 570 3326 Asta,
591 3267 621 3330 p.
643 3249 690 3311 ra.

274 3357 349 3412 Hab.
364 3358 394 3411 in
404 3358 528 3414 desertis
546 3356 697 3411 Kahirinis
722 3357 826 3426 (Auch.
840 3356 926 3411 1343!
940 3356 1025 3412 Boiss
1036 3359 1065 3424 l),
1087 3357 1117 3410 iu
1141 3355 1256 3412 deserto
1275 3356 1396 3410 Arabiae
1409 3355 1534 3410 Petreae

237 3429 277 3484 ad
289 3429 443 3484 meridiem
454 3428 519 3500 jugi
531 3427 590 3481 Tib
603 3427 702 3495 (Boias
711 3429 730 3496 t)
751 3430 780 3482 et
792 3428 905 3482 deserto
920 3427 956 3481 ad
970 3427 1123 3482 meridiem
1136 3427 1294 3482 Palestinae
1305 3426 1373 3496 (ΚΥ.
1385 3425 1484 3494 soar),
1497 3427 1529 3479 in

237 3497 752 3640 1t'lasrpifflrggerssterlllossuletBagdad
768 3498 850 3567 (Oliv
859 3501 887 3568 t),
911 3497 943 3551 in
962 3498 1063 3552 Persia
1081 3497 1182 3552 medic
1201 3499 1278 3552 inter
1290 3497 1368 3552 llum
1382 3500 1413 3552 et
1427 3497 1530 3552 Tebe-

273 3668 383 3722 Prata
392 3667 601 3721 indumentum
614 3667 735 3722 densius
749 3666 960 3735 bombycinum
974 3665 1071 3720 differt
1091 3683 1109 3720 a
1128 3665 1362 3738 praecedentibus
1378 3664 1456 3720 tlore
1471 3665 1530 3719 mi-

237 3739 302 3793 nori
314 3737 413 3792 albati
426 3737 520 3793 lineas
533 3737 636 3806 long03
659 3738 795 3807 legumen
817 3737 883 3792 9-10
902 3737 996 3792 lineas
1019 3741 1133 3792 tantum
1148 3737 1270 3806 longum
1284 3737 1301 3790 t
1314 3737 1409 3790 latum
1425 3737 1533 3791 variat

237 3810 326 3864 etiam
341 3810 370 3862 in
384 3809 596 3880 speciminibus
611 3809 795 3881 [Egyptiacis
807 3808 897 3863 sulco·
924 3808 970 3861 lus
983 3809 1082 3862 minus
1098 3810 1207 3880 aperto,
1220 3807 1374 3878 superficie
1387 3822 1475 3862 nunc
1486 3802 1534 3861 tel

236 3881 333 4005 {miter
343 3879 496 4004 relticnlatat
509 3895 588 3934 nunc
603 3879 873 3951 ruguloso-aspera‚
885 3825 922 3933 Γ
935 3877 1120 3936 Saltanensis
1133 3879 1223 3948 igitur
1238 3893 1298 3932 non
1309 3877 1448 3949 specifice
1465 3878 1534 3933 dis-

249 3965 371 4020 rnguenc
382 3967 424 4004 ua.

658 4131 673 4158 *
692 4131 707 4158 *
726 4132 876 4204 Legumen
890 4131 1093 4187 lanceolatum.

282 4272 332 4334 57.
349 4270 396 4334 A.
413 4222 664 4352 Berythetts
680 4267 799 4353 (Boiss.
818 4273 852 4332 et
865 4268 912 4332 Bl.
927 4269 1040 4350 Diagn.
1055 4268 1125 4333 Ser.
1139 4267 1180 4348 ll,
1193 4269 1222 4346 t,
1241 4286 1271 4350 p.
1285 4267 1343 4351 33)
1359 4267 1483 4349 patule
1498 4273 1535 4334 ct

237 4359 381 4440 crispulo
402 4357 611 4430 albo-hirtus,
635 4357 782 4422 caulibus
806 4358 981 4439 prostratis
1007 4357 1183 4438 elongatis,
1215 4355 1331 4422 foliolis
1359 4357 1536 4439 7-8-Jugis

235 4448 348 4530 parvis
371 4446 682 4527 oblongo-canentis,
708 4444 838 4528 stipulis
868 4445 1126 4526 triangularibus
1151 4444 1360 4525 acuminatis,
1393 4447 1533 4512 racemi
