3090 5168
237 322 277 378 94
788 335 998 377 cnuumuosn.
1356 323 1503 400 Medicapo.

274 441 352 496 Hah.
374 442 404 495 in
422 441 514 513 pratis
536 440 621 495 siccis
642 443 671 494 et
692 440 731 496 ad
755 441 820 496 vias
864 441 1007 496 raesertim
1029 441 1159 510 regionis
1179 444 1337 510 montana,
1360 443 1467 498 Graecia
1482 448 1507 502 in

238 513 389 567 montibus
403 513 513 567 Parnes
526 511 697 579 (Heldrllet
709 511 827 567 Malevo
841 458 970 583 forpbll,
983 513 1020 566 ad
1033 511 1301 582 Trikalaffleldrlj,
1316 519 1414 568 monte
1427 515 1507 572 Homo

236 583 375 638 Thraciae
388 584 471 646 (Friv
482 581 658 650 !)‚Anatolia
670 583 700 636 in
720 585 819 638 monte
828 583 935 638 Tmolo
948 599 1038 654 supra
1052 583 1192 653 Bozdagh
1202 583 1337 651 (Boissl),
1346 584 1505 642 circahma-

239 654 285 708 sia
294 654 427 723 (wicel),
438 654 550 709 Tauria
558 657 586 708 et
598 669 680 724 prov,
692 653 947 709 Transcaucasicis
958 654 1107 723 (Ledebu,
1118 654 1248 709 Caucaso
1261 655 1305 722 [C.
1313 657 1348 708 A.
1357 655 1404 723 lll.¹
1412 655 1508 728 Ruprl)

240 724 328 794 Syria
343 726 404 779 bor.
417 741 507 797 prope
522 725 631 779 Aintab
644 724 780 793 (Haussk
791 727 820 795 !)‚
832 725 933 780 Persia
944 725 1006 779 bor.
1020 725 1050 778 in
1064 725 1216 780 montibus
1229 723 1365 780 Ssahend
1380 727 1509 785 etElhrus

238 795 388 865 (Buhsell.
405 795 447 850 Fl.
468 800 529 850 rest.

281 896 315 979 β.
334 895 564 977 procumbens.
590 893 706 962 Caules
728 899 895 979 prostrati,
925 898 1089 979 legumina
1118 897 1308 965 abbreviata
1329 918 1443 982 parum
1461 901 1510 966 lal-

235 990 316 1050 eata.
331 1020 373 1030 --
383 984 426 1048 Μ.
445 983 666 1065 praelambens
680 985 772 1050 Bess.

274 1096 351 1152 Hah.
364 1096 395 1150 in
406 1095 518 1151 Tauria
533 1095 572 1151 ad
588 1095 765 1168 Sebastopol
776 1096 819 1166 (Sl
829 1096 981 1169 Superyl)‚
992 1077 1341 1170 prorss'rranseaucasicis
1361 1099 1405 1169 [C.
1415 1099 1509 1172 Koch).

273 1194 320 1246 Ar.
334 1191 435 1262 (ieoqr.
449 1191 568 1264 Europa
583 1192 680 1247 media
691 1195 723 1246 et
735 1191 881 1264 australis,
901 1193 1052 1264 Songeria
1066 1194 1181 1265 Sihiria‚
1193 1194 1335 1250 Dahuria.

284 1377 313 1439 l.
338 1375 390 1440 Μ.
409 1375 643 1459 glutinosa
673 1376 766 1460 (nb.
785 1378 885 1442 Taur.
909 1375 1004 1443 Caua.
1022 1377 1069 1446 ΙΙ.
1096 1397 1126 1461 p.
1149 1377 1228 1463 aab)
1249 1378 1393 1460 sparsim
1414 1382 1446 1443 et
1466 1379 1514 1444 ad·

239 1481 355 1546 presse
376 1464 547 1546 puberula,
567 1466 716 1531 caulibus
736 1466 999 1545 ascendentibus
1015 1467 1148 1549 stipulis
1167 1467 1514 1558 lanceolata-subulcus

239 1553 311 1616 basi
339 1551 560 1630 subticueris,
592 1553 709 1620 loliolis
741 1555 1043 1636 oboram-oblongis
1077 1556 1166 1637 apice
1193 1555 1353 1634 dentalis,
1384 1555 1514 1620 racemis

237 1641 388 1723 capitalis
417 1641 615 1723 paucilloriS‚
644 1643 828 1726 pedunculo
859 1643 934 1708 lolio
952 1645 1078 1708 axillari
1110 1645 1165 1709 vix
1197 1644 1352 1726 longiore,
1382 1644 1513 1709 boribus

237 1729 529 1795 caerulescentibus
547 1732 657 1796 rarius
674 1733 781 1812 luteis,
807 1732 973 1814 pediccllis
991 1732 1071 1798 tubo
1091 1733 1235 1816 calycinc
1264 1733 1514 1814 sribaequilongis

237 1818 411 1901 calycequc
429 1817 528 1883 deuse
552 1819 868 1900 glanduloso-hirlis,
885 1821 1047 1902 legumine
1068 1821 1186 1886 inermi
1201 1823 1302 1887 dense
1316 1821 1515 1904 glandulose

237 1906 324 1972 hirto
341 1907 456 1972 enervi
475 1908 591 1973 lineari
610 1909 644 1974 in
664 1909 771 1991 spiras
792 1912 806 1974 l
824 1907 865 1993 ’βα
887 1911 1059 1984 convoluto
1080 1919 1125 1985 rc.

273 2016 349 2070 Hab.
370 2017 400 2070 in
419 2020 511 2088 pratis
541 2021 689 2074 montanis
714 2020 804 2074 totins
822 2020 947 2075 Caucasi
960 2019 1047 2088 (ΜΒ.
1061 2019 1175 2078 Hohen.
1190 2021 1373 2092 Chulcul),
1392 2021 1517 2076 Caucaso

236 2087 374 2142 orientali
382 2087 432 2142 alt.
442 2089 613 2146 eloo'ueoo·
622 2090 717 2162 (liupr
726 2093 753 2162 l),
765 2091 907 2146 Armenia
914 2091 951 2146 ad
964 2091 1076 2146 radices
1090 2093 1198 2148 montis
1211 2095 1317 2146 Ararat
1330 2092 1515 2160 (Chodzkol).

271 2185 376 2240 Affinis
390 2183 431 2241 M.
442 2187 848 2272 salcatcedistinotauvidetur
857 2190 980 2272 lloribus
994 2189 1024 2243 in
1038 2205 1153 2272 racemo
1161 2189 1359 2272 paucioribus
1369 2189 1517 2314 pedicellis

236 2260 262 2308 el
285 2255 386 2324 calyce
409 2258 610 2328 glandulosrs,
634 2259 778 2330 calycrnrs
806 2259 944 2315 dentibus
969 2262 1167 2330 tenuioribus,
1193 2261 1345 2332 legunnne
1387 2275 1446 2315 een
1469 2275 1518 2314 nec

237 2325 398 2382 reticulato.
415 2329 518 2384 Floras
531 2329 686 2402 sulphurei
699 2331 747 2387 vel
760 2330 892 2386 violacei.

280 2531 309 2593 ὅ.
331 2529 383 2593 Μ.
401 2528 550 2594 sativa
579 2529 631 2614 (L.
652 2529 706 2614 Sp.
734 2531 832 2616 1096)
852 2532 1010 2615 adpressc
1031 2533 1191 2615 pnherula
1215 2535 1267 2604 uel
1284 2533 1516 2614 glabrinscula

235 2617 384 2682 ‹tanlibus
400 2617 527 2696 erectis,
546 2619 677 2700 stipulis
694 2621 992 2686 ovalo-lanceolalis
1007 2621 1383 2704 subulam-acuminatis,
1401 2622 1517 2688 foliolis

233 2706 358 2771 retusis
378 2724 451 2782 curn
472 2723 628 2772 mucrone
650 2707 802 2773 loliorum
827 2709 1020 2775 inferiorum
1047 2710 1349 2793 oblongo-eboratis
1370 2711 1519 2795 superio

233 2813 309 2859 rum
341 2794 634 2868 lineari-cuneatis,
662 2795 801 2862 floribus
827 2798 859 2862 in
878 2816 1025 2863 racemos
1052 2799 1251 2866 rnultilloros
1276 2799 1437 2882 oblongos
1465 2817 1519 2883 pe-

233 2883 387 2948 dunculis
417 2882 491 2948 lulio
523 2884 725 2964 longioribus
756 2886 911 2951 suffultos
943 2887 1112 2969 dispositis
1145 2889 1439 2954 cacrulescentibns
1470 2887 1519 2952 vel

228 2971 382 3036 violaceis
396 2971 505 3035 rarius
521 2971 659 3051 flavidis,
676 2973 840 3055 legumine
852 2975 970 3040 inermi
983 2975 1183 3058 pubescente
1200 2977 1517 3044 reticulato-venoce

230 3059 346 3124 lineari
365 3060 691 3126 cochleam-contorto
712 3063 910 3146 subtricpclo
931 3073 976 3137 25.

265 3168 344 3223 Hah.
359 3171 390 3224 in
407 3169 533 3223 collibus
551 3173 577 3224 el
596 3169 728 3227 herbidis
748 3171 903 3236 Anatoliae,
916 3173 947 3228 in
961 3175 1102 3246 Bithynia
1118 3181 1147 3230 el
1165 3177 1318 3231 montibus
1339 3177 1471 3232 Galatiae
1484 3175 1520 3232 ad

229 3241 378 3310 Ancyram
393 3240 491 3308 (Wied
501 3243 529 3306 ll,
539 3241 576 3294 ad
587 3241 704 3298 Elmalu
715 3244 811 3313 Lyciae
825 3244 937 3314 (Bourg
946 3247 965 3314 l)
976 3252 1003 3300 et
1013 3247 1043 3300 in
1058 3248 1156 3301 Tauro
1169 3246 1287 3318 Ciliciae
1296 3247 1395 3317 (llyll.
1406 3249 1519 3304 Libano

227 3311 284 3378 (Bl.
305 3311 423 3380 Gailll),
444 3313 585 3366 Armenia
602 3312 726 3368 Turoica
745 3315 851 3382 (Calvl
869 3315 996 3386 Bourgl)
1020 3323 1046 3372 et
1068 3318 1188 3373 Rossica
1209 3319 1347 3387 (Sacili),
1368 3320 1484 3376 Tauria
1495 3323 1522 3374 el

226 3397 311 3506 prov.
326 3382 494 3437 Caucasicis
506 3381 652 3452 (Ledebl),
673 3385 804 3440 Caucaso
825 3387 960 3441 orientali
973 3389 1104 3460 (Ruprll.
1118 3389 1224 3443 Persice
1239 3389 1301 3444 bor.
1317 3405 1410 3460 prou.
1430 3392 1520 3446 Ader-

251 3453 330 3524 idjan
354 3453 452 3512 l'Szow
460 3455 487 3520 l).
494 3453 522 3506 in
537 3459 637 3508 monle
649 3453 766 3510 Sawers
779 3455 886 3512 Persice
900 3457 1040 3514 australis
1053 3459 1103 3513 alt.
1113 3459 1335 3528 7000'fflausslz
1345 3463 1375 3530 !)‚
1386 3466 1418 3516 et
1431 3478 1484 3534 pro

133 3587 136 3594 ι
226 3524 384 3650 ί11ῖῐέἓΙ]νπθι;Ί(
385 3523 504 3650 ᾑὶἶὶᾞ)
517 3525 677 3594 rlffgbanib
692 3525 785 3596 (Griff
792 3529 820 3597 l),
834 3527 1004 3584 Belutschid
1014 3529 1168 3598 [Stocksll.
1182 3531 1300 3603 Ubique
1314 3531 1397 3588 culta
1408 3538 1439 3588 et
1452 3478 1520 3589 iugg

262 3690 310 3744 Ar.
326 3689 427 3758 Geopr.
444 3689 562 3761 Europa
576 3691 715 3746 australis
728 3693 875 3758 almedis,
888 3695 988 3751 Africa
1006 3695 1141 3751 borealis.

270 3876 301 3938 6.
326 3875 379 3938 Μ.
400 3873 648 3941 cancellata
666 3874 761 3958 (ΜΒ.
783 3875 881 3942 Tunc.
902 3875 997 3943 Cauc.
1019 3878 1059 3946 ll.
1077 3899 1107 3962 p.
1123 3881 1339 3962 indiglabru.
1361 3885 1518 3950 caulibus

226 3963 345 4026 crectis
360 3962 522 4035 riuidulis.
541 3963 673 4045 stipulis
690 3965 1047 4031 luncecluto-subulutis
1062 3968 1130 4032 basi
1152 3970 1380 4052 l-i-deutalis
1397 3973 1518 4038 foliolis

223 4052 364 4132 oblongo
386 4053 437 4114 vcl
458 4051 734 4117 lineari-cunculis
750 4054 901 4119 elevatior
918 4056 1068 4120 nervosis
1081 4058 1207 4122 obtusis
1227 4059 1277 4123 vel
1301 4062 1430 4126 retusis
1444 4079 1519 4128 cunr

227 4141 419 4205 rnucronulc
455 4141 544 4222 apice
565 4141 790 4221 denticulata,
817 4143 1007 4225 pedunculis
1038 4145 1245 4212 fililcrnribus
1277 4147 1351 4213 lolio
1378 4152 1520 4215 sublon-

223 4229 374 4310 giaribus
393 4228 483 4311 apice
510 4247 656 4294 racemos
677 4231 896 4313 subcapilatos
919 4233 1115 4314 paucilloros
1130 4235 1324 4301 serentibus.
1340 4237 1515 4320 pedicellis

225 4317 325 4396 ealyci
344 4317 601 4400 sirliaequilongis
621 4318 671 4382 rel
694 4318 905 4400 longioribus,
922 4320 1059 4386 ssoribus
1090 4322 1195 4398 ssavis,
1209 4325 1373 4406 legumine.
1395 4327 1520 4392 inermi

223 4407 336 4480 glabro
358 4407 682 4471 ccclrlcato-contcrto
700 4409 862 4488 2-3-eyclo
881 4409 974 4472 venis
996 4413 1195 4476 transversis
1213 4419 1245 4477 et
1265 4414 1519 4497 longitudinali-

228 4494 288 4558 bus
307 4495 477 4560 reticulato
499 4495 644 4576 margine
664 4495 845 4561 incrassato
866 4505 911 4570 lc.
