3324 5180
169 333 225 390 728
735 346 886 389 nosncnm.
1258 336 1447 410 Agrinwnia.

172 459 331 543 elongatis
348 459 483 543 virgatis
501 459 628 526 inferne
648 475 734 542 saepe
752 457 960 541 interruptis,
977 457 1096 542 colycis
1115 459 1277 525 fructiferi
1295 460 1374 526 tubo
1391 459 1450 527 ob-

173 549 283 614 conico
302 547 372 616 ier'e
391 549 433 614 od
448 547 553 616 basim
570 567 676 634 usque
692 546 854 632 profunde
872 547 996 614 sulcato
1020 545 1174 614 dentibus
1199 547 1305 614 ovatis
1320 567 1449 616 mucro

174 638 443 811 affilatfflsfpginis
462 637 623 716 uncinatis
651 634 870 704 exterioribus
895 636 1131 720 patentissimis
1157 642 1203 708 li.
1225 637 1267 704 Ic.
1285 635 1374 703 Lam.
1395 636 1447 705 Ill.

211 837 290 896 Hah.
304 839 334 894 in
348 837 485 894 dumosis
506 841 536 893 et
573 838 645 894 ratis
658 837 820 908 praesertim
841 836 991 892 monmnis
1013 837 1102 892 totius
1117 835 1269 893 ditionisa
1282 836 1407 894 Gracur
1421 842 1450 894 at

173 907 358 966 Macedonici
371 909 410 964 ad
421 908 442 964 S
463 908 539 964 riam
551 853 732 976 fitteralemi,
746 912 917 964 montanam
924 907 956 962 in
967 905 1082 963 Libano
1095 906 1145 978 (Bl
1153 910 1174 978 Ι)
1186 911 1215 964 et
1228 909 1397 965 interiorem
1409 909 1448 966 ad

175 980 357 1108 gfmaszcm
369 925 465 1051 (carli
474 982 502 1052 t),
516 994 598 1053 prov.
612 979 809 1050 Caucasioasi,
822 979 953 1036 Parsiam
973 977 1121 1034 borealem
1140 983 1169 1034 et
1180 979 1341 1036 australem
1354 979 1449 1052 (Kyt).

214 1066 296 1107 .aes.

220 1149 254 1234 β.
279 1148 395 1232 mppr.
415 1148 565 1214 -Folia
589 1149 712 1232 majora
740 1147 842 1230 magis
866 1147 1006 1230 hirsuta,
1034 1147 1123 1230 spica
1150 1146 1293 1230 densior,
1321 1149 1448 1216 frncbrs

175 1239 280 1324 major
297 1242 330 1306 ot
347 1239 451 1304 latior.
473 1237 603 1304 Minime
621 1237 763 1304 varietas
789 1236 942 1302 distincta
964 1235 1024 1302 sed
1047 1239 1149 1303 forma
1168 1238 1209 1303 ad
1226 1243 1343 1323 typum
1358 1243 1449 1306 tran-

134 1347 143 1366 ·
176 1327 276 1396 siens.
293 1365 336 1378 -ν
355 1327 395 1393 Α.
415 1325 530 1393 &ceco
545 1325 652 1392 Boiss.
675 1331 709 1392 et
726 1325 839 1395 Heldr.
861 1326 938 1394 Msn.

176 1438 289 1580 affin
303 1440 335 1495 in
353 1439 501 1495 Parnasso
522 1440 551 1494 et
569 1437 637 1493 aliis
665 1436 816 1494 montibus
834 1437 957 1493 Gracina
975 1435 1093 1506 (Heldrt
1115 1435 1205 1509 Orpb.
1217 1437 1261 1494 Fi.
1283 1439 1375 1495 Graec.
1389 1454 1450 1496 ens.

213 1607 259 1665 Ar.
279 1607 381 1676 liudpr·
405 1603 516 1660 Insulae
537 1605 732 1660 Canarienses
754 1607 784 1660 et
801 1603 930 1673 Medera,
943 1604 1062 1730 Europa
1081 1607 1150 1675 tota,
1167 1604 1276 1661 Sibiria
1287 1606 1402 1663 Altaica
1421 1610 1451 1664 et

176 1675 367 1747 Baicalensis,
380 1677 479 1732 Africa
493 1676 621 1732 borealis
635 1677 667 1732 in
678 1691 769 1747 ragno
781 1675 936 1732 Tunetano
948 1674 1021 1744 (Kro
1033 1674 1099 1745 ikt).

224 1889 256 1953 t.
283 1888 329 1960 Α.
352 1885 540 1954 odorata
559 1887 651 1974 (Mill.
673 1887 755 1954 Diot.
773 1880 814 1954 n0'
828 1887 863 1972 3)
878 1887 988 1953 radice
1007 1906 1073 1954 non
1094 1888 1233 1972 repenti,
1251 1888 1334 1954 foliis
1349 1887 1453 1954 inter-

177 1982 275 2061 rupte
305 1977 449 2060 pinnatis
475 1976 592 2044 foliolis
617 1977 763 2060 oblongis
792 1977 928 2044 serratis
955 1976 1073 2044 subtus
1100 1977 1196 2043 hirtis
1223 1977 1450 2060 glandulisque

176 2065 313 2136 minutis
328 2066 496 2149 adspersis
510 2065 689 2149 interjectis
709 2066 890 2134 minoribus
902 2066 1005 2132 ovatis
1017 2065 1168 2148 dentatis,
1181 2067 1279 2150 spicis
1291 2065 1448 2147 elongatis

176 2154 312 2237 virgatis
328 2155 529 2236 laxinscnlis,
547 2156 665 2238 calycis
682 2155 840 2222 fructiferi
862 2155 941 2222 tubo
963 2155 1451 2238 hemispherion-campanulum

179 2243 342 2326 usquead
358 2245 502 2310 medium
528 2243 645 2310 leviter
671 2245 795 2311 sulcato
815 2243 968 2312 dentibus
985 2244 1172 2312 lanceolatis
1189 2244 1279 2328 apice
1296 2242 1451 2310 subunci-

179 2333 274 2413 natis,
293 2333 397 2417 spinis
414 2332 635 2400 exterioribus
647 2333 881 2417 patentissimis
897 2333 1093 2399 subreflexis
1116 2339 1158 2404 tf.
1177 2332 1302 2399 Barrel.
1316 2332 1358 2398 Ic.
1374 2333 1449 2398 611.

180 2457 222 2468 -
241 2422 282 2487 Α.
301 2439 443 2503 proceru
462 2421 575 2488 Wallr.
595 2421 691 2487 Linn.
712 2421 797 2502 XIV,
811 2441 842 2505 p.
861 2423 935 2487 573.

214 2531 291 2586 Hab.
304 2532 338 2586 in
354 2531 485 2590 Caucaso
499 2535 636 2604 septentr.
649 2536 678 2588 et
689 2533 785 2588 Iberia
796 2533 840 2604 (C.
853 2533 887 2588 Α.
903 2532 993 2603 May),
1005 2531 1143 2603 Byzantii
1155 2534 1360 2604 (Coumanyl).

211 2626 261 2682 Ar.
277 2625 376 2697 Geopr.
389 2627 541 2699 Hispania,
554 2627 647 2696 ltalia,
661 2628 771 2701 Gallia,
779 2629 946 2700 Germania,
959 2627 1064 2699 Dania,
1076 2627 1183 2685 Rossia
1195 2629 1342 2686 australis.

222 2825 253 2890 3.
279 2824 326 2890 A.
351 2841 514 2910 repens
533 2823 642 2910 (Lino.
668 2825 722 2910 Sp.
751 2825 829 2912 643)
851 2826 960 2892 radice
985 2824 1122 2909 repenti,
1148 2824 1235 2890 foliis
1264 2823 1450 2905 interrupte

175 2913 319 2997 pinnatis
339 2912 457 2980 subtus
474 2913 597 2980 villosis
614 2915 951 2998 oblongo-lanceolatis
964 2932 1078 2997 grosse
1093 2921 1127 2978 et
1140 2911 1299 2996 profunde
1312 2910 1450 2976 serratis

175 3002 355 3086 interjectis
387 3002 569 3070 minoribns
599 3003 745 3086 oblongis
768 3004 903 3087 integris
925 3005 974 3070 vei
997 3005 1086 3086 apice
1105 3001 1320 3068 bit-dentatis
1339 2999 1452 3064 termi-

178 3092 245 3158 nali
264 3091 448 3172 subsessili,
473 3093 572 3176 spicis
596 3091 801 3159 densissimis
828 3092 1035 3174 abbreviatis
1054 3091 1171 3176 calycis
1194 3088 1354 3156 fructiferi
1371 3088 1450 3154 tubo

179 3181 404 3263 campanulato
422 3180 464 3246 ad
480 3181 623 3247 medium
643 3199 749 3266 usque
768 3183 928 3266 profunde
950 3181 1074 3248 sulcato
1093 3180 1245 3247 dentibus
1264 3177 1451 3244 lanceolatis

178 3269 270 3352 apice
287 3269 459 3350 uncinatis,
475 3271 578 3353 spinis
596 3271 815 3337 exterioribus
832 3270 964 3337 reflexis
989 3275 1031 3340 li.

214 3382 292 3438 Hab.
313 3383 344 3437 in
364 3380 495 3438 humidis
515 3381 680 3456 subalpinis
698 3383 845 3440 Anatoliae
864 3383 908 3454 (C.
931 3385 964 3439 A.
983 3383 1082 3454 May),
1102 3379 1250 3437 Armeniae
1263 3378 1394 3434 ancicae
1412 3377 1470 3460 ad,

177 3453 313 3595 ffigffigltr
320 3451 466 3595 ffourm
479 3454 555 3510 cirea
566 3454 672 3511 Musch
692 3454 753 3525 (Ky
768 3470 829 3510 exs.
842 3455 929 3526 4451),
947 3455 979 3510 in
998 3457 1097 3510 monte
1113 3449 1285 3522 Beryldagb
1300 3449 1450 3505 Cataonrae

211 3619 362 3676 Humilior
374 3623 403 3676 et
421 3621 545 3676 crassior
563 3623 600 3676 A.
619 3617 756 3691 odoratci,
777 3621 850 3678 folia
862 3619 1036 3678 confertiora
1053 3617 1141 3674 odora
1156 3615 1375 3674 terebintbaceo
1389 3629 1451 3671 non

176 3692 296 3758 donata,
309 3692 420 3748 fructus
431 3692 491 3748 fere
503 3693 603 3764 major.

210 3789 258 3846 Ar.
272 3789 373 3860 (leoga
387 3787 543 3861 Hispania.

222 3992 255 4055 f.
282 3989 328 4058 A.
353 3987 529 4056 sororia
545 3987 665 4072 (Fisob.
682 3990 715 4052 et
730 3985 812 4068 Mey.
831 3983 914 4050 Arni.
935 3981 985 4048 Sc.
1004 3979 1076 4046 Nat.
1098 3979 1169 4046 Ser.
1188 3979 1230 4061 il,
1253 3981 1303 4060 18,
1321 3997 1351 4063 p.
1370 3978 1451 4066 375)

177 4079 288 4144 radice
302 4096 369 4144 non
386 4077 532 4161 repenti,
552 4075 635 4142 foliis
653 4077 838 4157 interrupte
865 4073 1007 4154 pinnatis
1030 4069 1149 4135 foliolis
1169 4068 1316 4151 oblongis
1335 4086 1450 4152 grosse

178 4167 315 4233 serratis
344 4166 461 4232 subtus
489 4165 585 4231 hirtis
614 4161 795 4247 interjectis
815 4159 995 4226 minoribus
1014 4159 1118 4225 oratis
1141 4158 1279 4238 integris
1305 4159 1358 4222 vel
1378 4158 1452 4223 9-3-

178 4254 320 4320 dentatis
354 4253 518 4321 terminali
553 4251 735 4334 subsessili,
772 4249 870 4334 spicis
900 4247 1058 4330 elongatis
1091 4246 1226 4330 virgatis
1260 4245 1450 4328 laxissimis,

175 4343 293 4425 calycis
312 4343 471 4410 fructiferi
491 4340 570 4408 tubo
591 4339 895 4407 obovato-nbconico
922 4337 1020 4404 sulcis
1042 4353 1159 4419 parurn
1184 4333 1357 4418 profundis
1381 4334 1450 4399 fere

174 4432 339 4514 usquead
356 4433 450 4499 basin
461 4434 571 4498 notato
588 4428 742 4496 dentibus
758 4424 1124 4509 ovato-triangularibus
1135 4422 1276 4504 muticis,
1289 4421 1369 4488 setis
1384 4439 1453 4488 om-

179 4519 277 4586 nibus
292 4522 430 4586 arrectis
450 4525 492 4590 li.
