3274 5182
252 347 308 403 812
384 335 387 350 '
767 357 1018 430 snxmnnsicnm.
1354 348 1515 422 Sci-mitem
1595 359 1597 440 j

255 468 345 526 Rhize
367 469 470 554 (Bell),
512 485 574 527 rov.
596 471 909 556 Transoaucastesrum
929 475 958 527 et
979 489 1061 544 prov.
1085 469 1213 558 Talysch
1236 471 1335 554 (Hobt
1350 471 1414 526 CA
1426 469 1515 540 Meyty

254 539 378 597 Caucasi
390 547 471 598 centr
502 545 528 598 is
537 547 566 598 et
578 541 729 598 orientatis
741 543 916 599 5500'3000'
930 545 1059 617 (Ruprt)‚
1071 545 1180 600 Persiae
1196 543 1327 599 borealis
1346 542 1386 598 ad
1399 540 1515 596 iiassnii
1595 569 1597 616 y

254 609 397 683 (Buhsel)
411 619 439 670 et
450 615 479 668 in
494 618 594 670 monte
607 613 744 686 Djulfecli
757 613 862 684 (Auch.
875 615 983 684 45441).
1596 619 1597 642 ¹

288 707 485 781 Sequentibus
497 710 653 812 robustior,
665 710 752 766 flores
766 725 815 766 eos
825 709 857 768 S.
868 710 1070 783 rotundisoli'oe
1088 714 1249 784 aeqnantes,
1264 710 1355 767 aurei

299 935 350 999 si.
376 933 417 1001 8.
435 933 658 1000 Huetfana
681 931 802 1017 (Boiss.
831 934 945 1017 Dicgn.
976 933 1045 1000 Ser.
1079 933 1118 1015 ll,
1148 935 1177 1015 2.
1205 953 1236 1018 p.
1268 933 1327 1018 is)
1344 933 1450 1017 glabra
1471 933 1514 999 rel
1595 933 1597 992 ἶ

253 1023 445 1106 parcissime
465 1021 806 1105 glanduloso-birtulu,
824 1021 908 1090 foliis
927 1023 1161 1090 reiiiformibus
1176 1023 1251 1089 sinu
1264 1027 1378 1106 aperto
1390 1022 1512 1088 cordatis

255 1113 303 1177 vel
326 1111 397 1176 bosi
418 1111 578 1177 truncatis
599 1109 812 1178 obtusissimo
828 1113 1039 1193 sutrinus,
1058 1113 1142 1180 foliis
1162 1111 1390 1196 superioribus
1403 1111 1512 1178 trilobis

253 1201 304 1266 rel
325 1199 473 1283 oblongis
489 1199 636 1279 interis,
653 1199 771 1281 calycis
786 1196 911 1268 laciniis
924 1201 1181 1284 triangularibus
1198 1199 1327 1267 obtusis
1346 1219 1403 1283 per
1417 1201 1513 1266 rotbe-

249 1289 303 1354 sin
323 1290 442 1372 patulis
461 1289 536 1354 deiri
552 1288 762 1364 subressexis,
778 1291 894 1374 petalis
914 1291 1021 1374 calyce
1040 1293 1139 1376 triplo
1157 1289 1361 1372 longioribus
1379 1289 1513 1373 ellipticis

248 1377 322 1443 bosi
343 1377 517 1443 rotiiiidats
538 1378 588 1442 vel
609 1378 725 1444 obtuse
746 1375 956 1445 birni-ionius
973 1380 1120 1445 breviter
1140 1378 1371 1461 ragnimirus,
1390 1378 1513 1462 upsnlae

248 1467 359 1548 calyce
379 1466 543 1549 subduplo
572 1467 726 1549 longioris
756 1468 852 1549 stylis
880 1467 1038 1536 brevibus
1070 1467 1329 1550 divergentibns,
1349 1465 1512 1533 seminibus

253 1554 396 1623 iiiiiiimis
411 1556 516 1620 oretis
532 1556 657 1622 minute
674 1555 887 1622 tuberoiilstis
908 1565 942 1635 Θ
961 1559 1013 1623 vel
1030 1558 1082 1642 (D.

289 1663 365 1720 Hab.
394 1667 425 1720 lii
448 1667 631 1738 rupestribus
649 1667 789 1732 humidis,
815 1681 901 1722 mons
923 1667 1047 1740 Bostepe
1072 1683 1163 1739 supra
1184 1666 1399 1739 Trapezuntem
1421 1665 1512 1734 (Hoetl

251 1735 377 1806 Bourgt)
390 1738 428 1792 ud
443 1736 546 1807 Djimil
559 1737 647 1793 Ponti
659 1739 756 1794 Lazici
767 1738 815 1793 alt.
826 1739 905 1794 5700'
916 1739 982 1808 (Bal
992 1743 1020 1808 t),
1035 1739 1073 1794 ad
1086 1738 1242 1794 Goscbkar
1275 1753 1337 1794 rov.
1353 1737 1452 1792 Mnseb
1467 1739 1513 1792 Ar·

252 1807 358 1862 monice
372 1807 510 1863 australis
524 1807 593 1878 (Ky.
608 1825 667 1864 ens.
680 1809 732 1865 341
743 1812 771 1880 l),
784 1809 814 1862 in
828 1809 927 1864 Tauro
941 1809 1085 1866 Orientali
1093 1809 1198 1880 (Auch.
1210 1809 1246 1866 26
1288 1811 1317 1878 l).

285 1901 464 1958 Praecedenti
480 1903 566 1958 valde
580 1905 676 1959 affinis
696 1908 725 1960 et
742 1905 842 1960 forsan
864 1907 927 1976 ejus
949 1907 1097 1969 varietas:
1118 1921 1168 1961 ess
1190 1908 1290 1960 tamen
1309 1905 1401 1960 cultas
1412 1918 1514 1974 semper

248 1972 408 2043 distinguo.
433 1975 540 2029 Prreter
562 1975 632 2030 folia
651 1976 789 2032 dentibus
809 1975 996 2048 paucioribus
1017 1981 1045 2032 et
1065 1977 1179 2032 obtusis
1197 1977 1307 2032 donata
1328 1975 1359 2032 S.
1375 1975 1513 2031 Horatium

250 2042 340 2098 babet
352 2045 451 2116 petala
463 2045 607 2101 breviora.

294 2268 347 2330 35.
374 2263 414 2332 S.
435 2265 688 2350 scotophila
702 2265 821 2350 (Boiss.
836 2267 948 2350 Diagn.
962 2267 1033 2334 Ser.
1046 2267 1072 2348 Ι,
1084 2269 1115 2349 3,
1129 2287 1159 2351 p.
1175 2268 1233 2354 ⁹23]
1246 2269 1367 2351 glabra.
1380 2267 1511 2334 caulibus

248 2354 408 2420 istricatis
427 2355 626 2434 tenerrimis,
643 2356 728 2422 foliis
747 2355 982 2422 reniformibus
1002 2357 1072 2423 basi
1092 2357 1167 2423 sinu
1186 2355 1302 2439 ‘aperto
1317 2357 1454 2424 cordatis
1468 2353 1511 2422 nl

249 2445 408 2509 truncatis
429 2443 584 2526 repandis
608 2443 661 2509 vel
686 2443 897 2517 obtusissimo
921 2449 954 2510 et
979 2445 1043 2511 tote
1071 2443 1273 2528 tribunis,
1297 2447 1510 2529 superioribus

246 2533 376 2597 trilobis
402 2533 454 2598 vel
479 2531 617 2614 integris
637 2533 751 2611 oratis,
778 2534 897 2616 oalyois
927 2534 1051 2600 laciniis
1081 2535 1186 2600 ovstis
1213 2535 1317 2601 sontis
1348 2533 1509 2601 fructiferis

245 2622 503 2704 erecto-patulis..
522 2621 640 2703 petetis
659 2621 849 2704 sulphureis
872 2622 1138 2706 ovato-ellipticis
1161 2623 1397 2690 subsessilibus
1416 2625 1508 2706 mlycs

247 2710 574 2792 sesqiiitongioribua
591 2711 733 2793 capsulas
750 2711 858 2794 calyce
872 2711 1094 2794 siiblongioris
1112 2713 1207 2793 stylis
1225 2713 1433 2794 longiusculis
1450 2729 1508 2777 reo

247 2797 407 2878 timoniis,
425 2798 605 2864 seminibus
618 2799 766 2888 'minimis
783 2801 888 2866 oratis
908 2801 1122 2866 tuberculetis
1141 2803 1188 2874 Θ.

280 2909 357 2964 Hab⁴
376 2909 413 2964 ad
432 2925 521 2992 rupes
537 2925 625 2966 cavus
650 2911 808 2966 umbrosas
826 2912 856 2966 in
881 2913 980 2967 monte
1008 2909 1114 2994 Tmolo
1138 2911 1285 2970 Anatofiae
1309 2931 1399 2987 supra
1420 2911 1506 2970 Phila·

242 2980 396 3052 delphiam
409 2981 542 3050 (bussi),
556 2985 656 3036 monto
669 2981 773 3037 Cassio
786 2981 880 3052 Syriae
900 2983 961 3038 bor.
982 2981 1121 3054 (itemst),
1143 2985 1173 3039 in
1192 3001 1226 3042 ru
1248 2983 1317 3041 ‘ibus
1338 2987 1377 3042 ad
1395 2983 1506 3041 Kheiisii

244 3067 335 3122 prope
348 3051 495 3122 Aleppum
510 3057 538 3106 et
550 3053 582 3107 in
594 3053 704 3126 cryptis
720 3053 829 3108 montis
842 3049 961 3126 Sindjar
972 3053 1196 3127 Mesopotamiae
1209 3057 1222 3125 (
1253 3056 1379 3128 susskt).
1392 3055 1434 3112 Fl.
1449 3053 1505 3110 bini.

280 3148 381 3203 Flores
402 3148 526 3204 dimidio
546 3151 676 3206 minores
694 3151 736 3206 eis
756 3153 983 3224 praecedentium
1006 3169 1023 3208 a
1044 3155 1153 3226 quibus
1177 3155 1274 3210 forms
1293 3161 1321 3210 et
1338 3155 1506 3228 proportione

244 3218 353 3346 salluis
367 3225 393 3274 et
408 3220 528 3274 corollm
541 3221 744 3306 distinguitur3
766 3223 838 3306 folia
855 3221 948 3306 mults
966 3223 1130 3280 obsoletius
1144 3225 1275 3310 dentata.
1295 3225 1388 3282 Multo
1402 3225 1505 3282 affinior

242 3287 274 3345 S.
310 3291 460 3346 ederacee
473 3295 501 3345 et
514 3293 614 3347 forsan
628 3294 717 3365 hayus
737 3298 867 3350 varietas
880 3295 1003 3350 floribus
1016 3295 1205 3368 sulphureis?

737 3511 752 3540 *
789 3511 805 3540 *
842 3511 943 3571 Petale
960 3513 1036 3572 alba.

290 3645 341 3710 36.
367 3643 405 3710 S.
426 3641 671 3712 hederacea
687 3645 737 3729 (Ii.
754 3646 809 3731 Sp.
827 3648 892 3712 bis
907 3665 970 3730 nec
985 3648 1092 3730 aliorl
1111 3651 1226 3732 glabra
1245 3652 1299 3716 vel
1317 3651 1505 3734 glanduloso·

243 3734 367 3798 birtula
381 3734 512 3815 pumilii,
528 3734 611 3799 foliis
630 3733 700 3800 basi
719 3737 866 3802 cuneatis
881 3738 1042 3804 truncatis
1063 3741 1115 3804 vel
1130 3739 1337 3806 subcordstis
1356 3737 1503 3808 uniformi·

243 3823 306 3888 bus
332 3821 544 3888 obtusissimo
572 3823 738 3898 frti-tobis,
769 3825 997 3908 superioribus
1020 3828 1125 3893 oratis
1155 3828 1284 3906 trilobis
1305 3835 1340 3896 et
1362 3827 1503 3905 indivisis,

239 3911 361 3992 cslyois
380 3911 506 3977 laciniis
524 3913 629 3978 oratis
648 3915 870 3990 acutissumis,
894 3915 1010 3996 petalis
1027 3916 1111 3982 albis
1130 3916 1278 3984 oborstis
1295 3917 1366 3985 bosi
1384 3919 1502 3999 abrupte

241 4007 275 4065 et
303 3999 498 4066 brevissime
530 4001 748 4082 unguiciilatis
779 4004 887 4085 calyce
919 4005 973 4068 viii
1005 4006 1323 4088 sesquilongioribus
1347 4003 1501 4073 fructiferis

239 4089 501 4171 erecto-patulis,
515 4091 657 4171 capsulas
669 4091 811 4172 globosae
829 4092 971 4174 colyoem
988 4093 1044 4157 vix
1060 4095 1249 4176 superantis
1266 4097 1362 4178 stylis
1378 4094 1500 4176 lougius·

238 4177 324 4263 cyitis
335 4177 657 4260 subdivoigentibus,
672 4180 854 4246 seminibus
871 4183 976 4247 oretis
991 4182 1211 4250 tuberculosis
1222 4185 1272 4257 Θ.
1294 4185 1337 4250 Ic.
1355 4184 1398 4249 ill.
1412 4182 1497 4248 Grec«

240 4264 304 4329 tab.
319 4266 392 4329 sis.
407 4303 447 4312 --
459 4265 589 4331 Sternli.
610 4265 683 4332 Ssx.
706 4267 820 4352 Siippl.
836 4268 901 4335 tub.
929 4273 977 4335 15.
994 4307 1030 4318 -
1055 4271 1086 4336 S.
1108 4270 1235 4337 drctiru
1251 4289 1367 4339 uitium
1383 4269 1498 4338 miloni

242 4352 418 4418 boderarro
429 4353 517 4434 foti'o
539 4355 694 4422 Tournef.
712 4357 785 4426 Cor.
800 4358 884 4424 -S.
901 4358 1088 4442 bussina
1107 4360 1178 4426 Biv.
1200 4361 1284 4428 Maii.
1303 4365 1334 4442 ll,
1351 4381 1380 4446 p.
1403 4364 1446 4426 ll.

258 4463 351 4545 ⁶leib.
364 4463 663 4549 adurnpeslmadidss,
677 4483 778 4523 muros
791 4469 947 4554 umbrosos
967 4474 996 4525 et
1012 4486 1135 4598 aggere-²
1149 4471 1292 4528 humidos
1307 4473 1428 4554 regionis
1439 4467 1496 4524 infc-

241 4549 327 4588 rioris
342 4539 497 4590 maritimrs
519 4539 549 4592 et
560 4538 777 4606 submontanae‚
798 4539 925 4597 Laconia
941 4541 980 4598 ad
995 4558 1029 4597 ra
1051 4557 1110 4599 ices
1132 4543 1267 4615 Taygeti,
1284 4540 1496 4607 Acrocorinthos,
