3274 5182
50 461 51 464 '
133 468 231 527 444444.
639 483 870 525 umnnnmrnnm.
1340 463 1396 520 853

165 630 191 694 4.
214 627 253 694 Τ.
274 629 438 696 scabra
458 629 580 714 (Boius.
598 633 630 695 ct
648 627 728 709 Noli,
747 629 862 712 Diagn.
878 627 950 694 Ser.
973 628 1014 709 ll,
1030 631 1061 710 b,
1077 649 1106 711 p.
1127 627 1183 713 73]
1198 631 1265 694 tota
1285 627 1395 694 brevi·

126 721 171 783 ter
182 717 505 801 pruinoso-scabrida
523 719 744 801 glaucescens‚
761 719 853 784 caule
869 718 1087 783 crassiusculo
1100 717 1394 800 augulato-sulcato

125 807 220 872 abasi
241 807 442 872 divaricat-im
463 807 827 890 pyramidum-ramoso,
840 806 925 872 loliis
940 805 1098 871 brevibus
1111 806 1235 872 ambitu
1245 807 1394 888 oblongis

124 895 153 961 in
169 896 298 962 lacinias
317 895 437 961 breves
456 896 694 962 crassiusculas
713 894 999 976 lineari-oblongas
1019 894 1306 977 tripinnatisectis,
1338 913 1394 962 su·

124 985 299 1066 purioribus
318 985 435 1066 vagind
454 983 627 1051 latiuscule
645 985 892 1050 membranacea
920 982 1158 1064 insidentibus,
1185 983 1392 1050 involuccllis

124 1074 312 1157 polypbyllis
338 1073 505 1148 brevibus.
532 1074 660 1140 tructus
686 1073 828 1158 junioris
850 1073 995 1156 asperuli
1023 1073 1154 1138 tandem
1183 1071 1287 1154 glabri
1306 1073 1394 1138 orati

120 1162 198 1244 jugis
216 1163 338 1228 crassis
358 1161 494 1228 elevatis
513 1162 651 1244 obtusis,
671 1162 839 1228 valleculis
854 1163 918 1228 late
936 1162 1120 1230 univittatis
1140 1161 1192 1244 (a).

48 1257 50 1336 ζ
153 1270 224 1354 Hal).
239 1271 268 1328 in
283 1273 435 1328 montanis
447 1271 595 1328 Anatoliae
608 1271 761 1327 orientalis
776 1286 868 1354 prope
888 1269 975 1327 Sivas
993 1271 1107 1354 (44ᾳέ4),
1125 1272 1157 1326 44
1179 1271 1302 1344 planitie
1314 1272 1392 1328 inter

123 1341 237 1398 burrum
250 1343 450 1399 Zamantmou
463 1348 492 1400 ot
504 1345 635 1399 montem
649 1342 812 1412 Dedddagb
830 1357 861 1396 m
882 1342 1069 1415 Cappadocia
1088 1342 1190 1413 (Ball),
1209 1343 1240 1398 in
1253 1345 1394 1399 Armenia

48 1431 49 1460 1
123 1412 235 1469 lbrclcat
248 1415 286 1470 ad
300 1413 393 1470 Calas
402 1430 493 1486 prope
506 1413 635 1470 Balbout
648 1415 794 1486 (Bourgl)‚
807 1413 847 1470 ad
859 1413 983 1468 Tortum
997 1413 1124 1482 (Calvi).

153 1507 342 1590 Semipedalis
362 1507 412 1564 vel
435 1508 586 1580 humilior,
605 1509 748 1564 diametro
765 1507 852 1564 latior
869 1523 959 1589 quam
979 1507 1047 1578 alta,
1062 1508 1151 1563 facies
1168 1507 1199 1563 T.
1210 1507 1328 1590 plancae
1340 1509 1392 1566 sed

123 1592 246 1649 cassim,
270 1579 428 1636 valleculis
453 1580 566 1635 vittatis
591 1581 687 1634 affinis
717 1579 749 1635 Τ.
773 1578 951 1652 Hoffmanna
975 1579 1027 1633 sed
1051 1579 1195 1648 scabrida,
1213 1580 1394 1636 mvolucella

124 1649 297 1792 gfflgssa’
319 1653 432 1707 tructus
445 1651 669 1724 (sesquilineam
684 1649 779 1722 longi)
786 1651 860 1722 juga
869 1651 977 1706 obtusa
986 1653 1015 1704 et
1024 1651 1218 1706 commissura
1227 1651 1323 1707 canali
1332 1667 1392 1707 uon

47 1981 49 2002 2
162 1935 188 1998 ὅ.
211 1933 252 2000 Τ.
271 1932 532 2000 Hoiimanni
551 1933 647 2017 (ΜΒ.
675 1933 789 2016 Suppl.
819 1931 897 2020 bii)
925 1935 1048 2016 glabra,
1070 1935 1193 2015 glauca,
1214 1936 1305 2000 caule
1325 1935 1393 2000 sul·

46 2081 47 2090 ,
122 2022 315 2088 cato-striato
335 2022 408 2087 luxa
426 2022 787 2105 pyramidatoramoso,
799 2022 884 2089 foliis
901 2021 1021 2088 ambitu
1043 2023 1191 2104 oblongis
1210 2023 1242 2088 in
1259 2023 1392 2088 lacinias

46 2129 47 2132 ¹
123 2105 229 2176 breves
248 2111 545 2192 oblongo-lineares
564 2113 615 2177 vel
635 2112 776 2176 lineares
804 2111 1112 2194 bil-pinnatiscctis,
1139 2111 1278 2178 caulinis
1299 2112 1393 2178 dimi-

46 2237 47 2242 1
122 2199 201 2263 nutis
215 2201 330 2282 vagini
351 2204 488 2282 angusti
504 2200 737 2280 insidentibus
753 2201 958 2268 involuccllis
971 2200 1191 2284 monopbyllls
1212 2201 1264 2265 vel
1282 2201 1392 2280 nullis,

46 2357 47 2360 =
121 2285 234 2354 sfflssffis
254 2287 360 2370 glabri
379 2289 507 2372 ⁰b¹0ssssi
524 2289 686 2372 bsOfssssde
705 2289 822 2356 sulcati
842 2289 932 2372 jugis
951 2290 1072 2355 crassis
1088 2289 1203 2368 acutis
1223 2289 1392 2354 valleculis
1476 2287 1477 2290 ’

121 2377 305 2458 univitlatis²
334 2379 551 2444 commissura
579 2379 682 2443 canali
709 2379 857 2461 perfossa
876 2379 918 2462 Q)
941 2376 1140 2459 pimpinella
1170 2376 1277 2441 dioioo
1307 2377 1390 2444 ΜΒ.

45 2538 46 2544 χ
121 2462 321 2634 ι’04Ῐὲ50444
343 2465 368 2548 Ι,
389 2485 421 2550 p.
446 2469 509 2532 bib
527 2485 591 2534 non
608 2465 643 2531 L.
665 2504 707 2514 -
723 2467 845 2532 Rtamto
859 2464 1008 2549 letopono
1021 2465 1094 2532 04.
1112 2463 1390 2554 bley.lnd.Ca11c.

45 2681 47 2722 ἑ
152 2664 222 2746 liab.
235 2667 266 2721 in
283 2666 367 2722 siccis
382 2666 501 2722 Tauriae
521 2666 636 2736 (stem),
654 2681 736 2748 prov.
757 2666 982 2722 Caucasioarum
1003 2666 1114 2736 (MR),
1138 2667 1170 2722 in
1189 2665 1284 2722 Iberia
1301 2681 1392 2739 prope

45 2773 47 2838 Ξ
120 2732 264 2876 lllvlpzpllpegb
291 2737 467 2877 fflwwll,
481 2737 688 2808 Dagbestame
700 2737 814 2793 boreali
835 2737 1006 2810 3000-4500
1020 2739 1147 2810 (Ruprt),
1165 2737 1196 2792 in
1209 2737 1320 2794 ditione
1333 2738 1392 2792 'la-

150 2900 227 2974 Soepe
247 2901 372 2974 pedalis,
388 2903 494 2958 marica
532 2903 561 2957 ia
580 2902 639 2957 lere
657 2902 675 2958 2
696 2902 791 2959 lineas
803 2903 901 2974 longa.
915 2903 989 2958 Cum
1004 2903 1212 2975 hatcspeciaol.
1226 2901 1391 2958 cedenti.

45 3031 47 3044 ,
119 2968 194 3050 44444.
213 2974 366 3045 conjungit
383 2971 414 3028 Τ.
428 2972 505 3040 4444ρί
524 2990 577 3030 am
589 2973 697 3029 Hoffm.
712 2989 802 3046 quam
821 2976 916 3032 tinctu
930 2979 1046 3030 maturo
1060 2974 1193 3030 nondum
1205 2973 1269 3029 vidi
1282 2977 1311 3029 et
1324 2989 1392 3045 quae

121 3055 147 3095 an
161 3042 266 3100 ditione
280 3048 382 3100 nostrai
397 3059 455 3098 non
469 3045 624 3116 provenire
637 3045 759 3102 videtur.

152 3141 195 3198 ir.
215 3141 315 3213 decor.
330 3141 438 3198 Rossia
451 3141 595 3198 australis.

501 3353 877 3450 assimularam.
906 3354 994 3449 an).

158 3526 265 3594 Floras
296 3527 393 3594 diolci
419 3527 471 3593 vel
503 3528 677 3611 polygami.
704 3528 829 3613 Galycis
854 3530 950 3596 dente
971 3529 1107 3595 obsoleti
1124 3529 1177 3594 vel
1193 3527 1392 3594 brevissimi.

118 3614 221 3682 Patala
250 3623 344 3682 ovata
370 3617 498 3700 apiculo
524 3616 616 3682 brevi
643 3617 774 3700 inllcxo,
801 3621 921 3685 florum
954 3620 1176 3684 masculorum
1203 3617 1391 3683 lanceolata.

117 3702 250 3772 Fructus
270 3725 289 3770 a
308 3707 412 3771 latere
431 3707 705 3788 subcompressus
728 3709 781 3773 vel
806 3708 970 3791 didymus.
992 3705 1184 3790 Maricarpia
1199 3706 1288 3790 Jugis
1304 3723 1394 3771 cras-

118 3793 161 3858 sis
188 3795 352 3876 primariis
381 3796 401 3859 5
432 3794 514 3860 vitii
538 3794 696 3877 perfossis
727 3797 998 3880 secundariisquc
1028 3797 1050 3860 4
1083 3794 1152 3878 [vel
1176 3795 1293 3861 abortu
1319 3791 1393 3879 4-0)

120 3882 267 3964 mittatis,
287 3883 441 3950 omnibus
468 3883 518 3948 vel
534 3886 662 3948 tantum
688 3885 891 3952 secundariis
916 3884 1131 3951 tuberculatis
1151 3885 1201 3951 vel
1220 3883 1395 3950 undulato-

120 3971 250 4052 plicatis.
277 3971 467 4056 Stylopodia
496 3989 597 4054 parva
629 3973 738 4038 conica
768 3973 915 4057 margine
942 3973 1101 4040 undulato
1134 3973 1246 4039 cincta.
1275 3971 1394 4037 Semen

45 4089 46 4096 .
117 4061 379 4142 angulatotercs.
395 4097 436 4108 -
450 4059 568 4125 Herbae
585 4059 722 4128 biennes
742 4063 899 4128 albillorae
918 4063 998 4127 facie
1017 4061 1149 4128 omnino
1164 4061 1287 4127 Triuiae
1299 4079 1316 4124 a
1328 4060 1394 4142 qui

118 4145 174 4212 boc
188 4167 290 4230 genus
310 4150 497 4215 charactere
521 4147 615 4232 gravi
637 4149 792 4233 iugorum
818 4151 1087 4218 secundariorum
1107 4151 1166 4216 sed
1182 4148 1396 4216 artificialiter

119 4238 224 4302 tamen
245 4237 469 4320 distinguitur.

161 4455 188 4517 l.
211 4453 257 4520 R.
279 4451 448 4540 frigida
476 4452 597 4539 (Boiss.
625 4457 658 4520 et
681 4455 792 4521 Heldr.
814 4455 927 4538 Diagu.
949 4455 1020 4522 Ser.
1045 4455 1085 4532 ll,
1105 4457 1137 4537 6,
1154 4475 1184 4538 p.
1203 4451 1261 4538 ll)
1280 4453 1394 4536 glabra
1468 4499 1471 4508 .

117 4539 234 4624 glauca,
249 4543 342 4609 caule
359 4543 616 4610 sulcato-striato
636 4541 750 4610 humili
775 4565 792 4610 a
818 4544 889 4610 basi
903 4544 1133 4628 pyramidatim
1149 4561 1289 4624 ramoso,
1306 4541 1393 4608 loliis

118 4627 270 4700 brevibus
289 4631 381 4699 bumi
396 4632 552 4717 expansis
569 4631 694 4698 ambitu
719 4632 867 4716 oblongis
889 4633 924 4699 in
946 4633 1079 4700 lacinias
1095 4635 1234 4716 anguste
1248 4631 1396 4698 lineares
