3290 5176
186 317 441 376 Amnaodendron.
718 331 932 374 mouumnsrn.
1411 316 1467 374 627

220 438 298 494 Hab.
307 440 340 494 in
352 437 550 494 Turkestnnib
560 437 674 495 boreali
687 438 725 494 ad
738 438 837 495 lacum
854 438 1027 495 Uralansem
1040 438 1182 509 (Lehml).

222 507 339 565 Foliola
349 508 416 565 8-12
428 509 522 566 lineas
535 510 626 580 longa
637 509 727 580 itta-3
748 509 817 580 lata,
836 509 976 581 legumen
994 508 1044 565 8-9
1067 510 1163 566 lineas
1174 509 1299 580 longum
1317 507 1407 636 33¹?
1420 508 1464 565 la·

185 581 257 636 tum.
270 580 496 637 Ammodendro
508 580 648 638 Sieversii
658 581 754 637 Fiscb.
775 581 864 638 valde
876 583 906 638 et
925 581 1035 660 forsan,
1045 581 1136 638 nimis
1153 581 1240 637 affine
1260 579 1358 638 differt
1393 595 1463 652 agu-

185 651 266 708 mina
278 651 407 708 breviori
419 650 519 708 latiori
531 668 591 708 non
604 651 793 723 glaberrimo.
874 683 876 686 -
1224 689 1227 698 s

230 873 260 937 i.
284 870 334 937 A.
352 870 601 943 Eichwaldi
619 871 757 958 (Ledeb.
772 873 808 944 in
819 872 938 938 liichw.
953 870 1047 956 Casp.
1065 893 1097 958 p.
1112 876 1165 958 37,
1176 875 1240 940 tab.
1256 873 1314 959 33)
1331 832 1462 958 petiolis

183 959 303 1048 bijugis
320 963 584 1043 spinescentibus
599 962 709 1029 foliolo
731 959 945 1044 longioribus,
967 962 1086 1029 foliolis
1108 963 1412 1047 elliptico-oblongis
1427 966 1462 1030 in

183 1052 361 1223 ἓιίιίεηιιΙωῐιό
365 1052 552 1133 attenuatis,
572 1051 704 1134 stipulis
732 1049 894 1116 subulatis
918 1050 1062 1133 spinosis
1081 1052 1346 1136 persistentibus
1370 1052 1462 1119 flori-

220 1189 342 1312 Habiti
356 1195 454 1309 littore
465 1249 602 1308 orientali
616 1250 707 1306 maris
716 1250 816 1322 Caspii
829 1249 977 1321 (Eicbw.)
991 1251 1060 1307 Non
1072 1250 1142 1306 vidi.

219 1351 325 1408 Planta
336 1350 434 1406 incom
455 1347 597 1404 latissimo
610 1347 682 1402 nota
698 1361 735 1402 ex
754 1345 859 1402 habitu
871 1349 988 1402 tantum
1007 1345 1233 1404 Ammodcndro
1253 1346 1461 1418 adnumerata3

184 1423 287 1480 foliola
297 1423 316 1479 6
328 1421 424 1478 lineas
435 1365 537 1490 longa,
555 1417 653 1474 2lata

230 1645 260 1709 3.
285 1645 332 1712 A.
349 1641 580 1711 Persicum
603 1639 696 1725 (Bgc.
715 1641 751 1706 in
768 1636 845 1722 litt.)
864 1637 992 1722 petiolis
1017 1639 1175 1724 t-t-jugis
1196 1640 1304 1707 foliolo
1331 1631 1462 1706 brevio·

185 1731 289 1816 ribus,
315 1733 435 1800 foliolis
465 1729 809 1811 elongato-linearibus
834 1727 1042 1810 acutissimis,
1063 1729 1201 1811 spinulis
1228 1729 1459 1796 minutissimis

182 1821 345 1903 deciduis,
366 1819 522 1887 floribus.
537 1865 546 1882 .
560 1865 591 1882 ..
616 1824 644 1896 5.

220 1933 297 1990 Hab.
310 1936 342 1989 in
351 1931 500 1989 sabulosis
514 1931 621 2014 deserti
639 1931 677 1986 ad
701 1929 776 1985 fines
794 1927 1087 2014 Persico-Aiighanas
1106 1945 1197 2056 prope
1218 1931 1340 1989 Yasdun
1359 1933 1412 2012 ubi
1424 1933 1460 1989 cl.

183 2001 254 2075 Bge.
267 2019 369 2060 mensa
381 2002 544 2060 Novembri
556 2001 684 2058 frustula
694 2001 808 2072 absque
820 1999 943 2056 floribus
960 2003 989 2054 at
1004 1999 1100 2056 fructu
1125 2006 1193 2072 egit.

219 2100 266 2156 Ex
279 2100 403 2172 Bungeo
415 2100 516 2155 forsan
529 2099 632 2154 eadem
646 2097 757 2170 spanias
770 2111 805 2152 ac
825 2095 863 2152 A.
877 2094 1039 2162 aniotabii
1051 2095 1082 2151 F.
1101 2099 1130 2152 et
1141 2097 1180 2152 M.
1196 2097 1227 2154 in
1240 2097 1337 2154 Karai.
1351 2099 1458 2156 Eoum.

185 2173 305 2229 uomina
318 2175 435 2228 tantum
448 2173 561 2226 notum.
575 2169 676 2226 Facies
689 2168 726 2224 A.
739 2165 880 2224 Koralloi
890 2183 909 2222 a
921 2182 980 2239 quo
997 2165 1137 2223 foliorum
1149 2185 1272 2226 numero
1286 2169 1390 2227 differt.

228 2397 258 2461 d.
283 2393 330 2462 Α.
347 2390 548 2460 Karalini
567 2389 616 2475 (ll.
634 2393 667 2455 et
680 2389 721 2454 M.
738 2388 773 2454 in
791 2385 911 2453 Ledeb.
930 2385 985 2452 rr:
998 2385 1093 2454 Roas.
1114 2388 1140 2471 I,
1158 2409 1189 2473 p.
1220 2390 1299 2474 717]
1327 2393 1458 2476 petiolis

183 2483 326 2568 umjugis
344 2482 452 2547 foliolo
470 2479 635 2546 multoties
653 2475 862 2544 brevioribus
879 2476 969 2562 apice
981 2477 1253 2560 spinesceutibus,
1270 2479 1389 2548 foliolis
1403 2501 1460 2548 an-

183 2576 279 2654 guste
295 2569 476 2636 linearibus
495 2566 652 2651 elongatis
678 2583 823 2649 superne
846 2565 1080 2632 sublatioribus
1105 2567 1139 2633 in
1165 2585 1354 2634 mucronem
1382 2571 1461 2637 sub·

180 2661 353 2744 spinosum
370 2657 557 2738 attenuatis,
584 2655 715 2738 stipulis
734 2654 855 2738 saepius
870 2653 1099 2721 minutissimis
1119 2655 1276 2738 deciduis,
1293 2660 1405 2726 orario
1422 2661 1460 2726 li·

183 2750 275 2816 neari
294 2747 429 2830 sericeo,
445 2744 626 2829 legumine·
642 2790 671 2807 ..
692 2753 720 2819 3.

217 2859 295 2916 Hab.
311 2859 343 2914 in
355 2858 452 2914 littora
464 2855 601 2911 orientali
613 2855 701 2911 maris
718 2853 818 2925 Caspii
831 2851 969 2922 (Karall).

216 2954 333 3012 Foliola
344 2953 429 3009 12-15
440 2952 536 3007 lineas
549 2951 638 3022 longa
650 2951 762 3007 lincam
776 2949 847 3019 lata,
865 2949 953 3006 tiores
975 2965 1011 3005 cx
1028 2951 1104 3007 sicco
1121 2951 1195 3008 lutei
1206 2953 1358 3026 'videntur
1377 2955 1460 3027 lagu-

182 3041 250 3082 men
265 3042 303 3082 ax
315 3025 411 3083 ovarii
421 3024 518 3080 forma
530 3038 564 3079 eo
577 3021 805 3095 praeoadentium
815 3021 936 3092 longius
949 3023 978 3076 et
990 3023 1146 3094 angustius
1160 3024 1287 3082 videtur.

225 3255 257 3320 t.
284 3251 807 3340 A.con011yi(ssge.inlitt.)
826 3252 955 3336 petiolis
975 3253 1118 3336 unijugis
1139 3255 1244 3322 loliolo
1263 3257 1365 3324 multo
1381 3257 1457 3327 bre·

181 3343 329 3410 rioribus
343 3343 435 3426 apice
449 3343 724 3426 spinesceutibus‚
743 3342 861 3407 foliolis
878 3345 1016 3423 anguste
1030 3341 1210 3410 linearibus
1226 3345 1384 3428 elongatis
1402 3365 1457 3413 su·

181 3450 284 3516 perne
312 3431 483 3497 latioribus
511 3432 615 3497 acutis
642 3431 853 3508 mucronatis,
881 3429 1010 3513 stipulis
1036 3431 1266 3499 minutissimis
1297 3434 1455 3515 deciduis,

179 3521 293 3587 ovorio
322 3520 438 3586 lineari
459 3519 666 3602 glaberrimo
692 3518 854 3602 legumine
878 3519 1157 3600 oblongo-lineari
1181 3530 1207 3597 5.
1236 3520 1275 3586 Α.
1307 3521 1459 3588 Koralloi

182 3607 260 3692 Bge.
282 3610 327 3694 pl.
347 3609 458 3674 Lebm.
479 3627 510 3692 p.
532 3611 597 3674 itt
619 3626 683 3674 non
700 3607 735 3672 F.
756 3611 788 3673 et
807 3607 849 3671 M.

215 3721 293 3779 Hab.
311 3721 344 3776 in
359 3722 491 3777 arenosis
504 3721 667 3777 mobilibus
680 3720 789 3776 deserti
803 3719 880 3775 Kisil
890 3719 969 3774 Kum
981 3717 1185 3778 Turbestaniae
1198 3721 1304 3793 (Lehm
1316 3725 1345 3794 i).

214 3796 307 3874 Valde
320 3817 407 3874 affine
419 3817 456 3872 A.
470 3815 610 3874 Kareb‘m'
621 3817 705 3890 cujus
718 3816 818 3872 forsan
833 3815 961 3872 varietas
973 3814 1131 3890 leiocarpa,
1144 3817 1284 3890 legumen
1297 3834 1334 3875 ex
1345 3819 1459 3891 cl.Bge.

179 3888 246 3947 840
259 3889 312 3946 lin.
325 3889 448 3960 longum
463 3887 512 3944 2-2
522 3888 553 3958 *la
567 3888 668 3943 latum.

416 4130 710 4207 nouorumuos
724 4129 814 4224 (aaa.
832 4129 877 4226 p.
894 4129 1063 4205 cernant.
1085 4151 1118 4226 p.
1140 4131 1231 4224 aaa).
1282 4107 1285 4114 ’

224 4307 325 4391 Galyx
344 4306 490 4372 breviter
514 4305 933 4388 campanulatotubulosus
959 4321 1103 4387 superne
1127 4305 1246 4388 gibbus
1267 4305 1458 4376 dentibus3

182 4395 393 4464 interioribus
411 4393 688 4476 sublongioribus.
702 4391 867 4460 Vexillum
883 4393 1141 4477 unguiculotum,
1161 4396 1220 4462 alae
1239 4397 1386 4480 margine
1404 4417 1459 4465 su·

185 4485 305 4570 periuri
324 4484 421 4554 valde
438 4484 574 4567 plicata,
600 4483 710 4548 carina
724 4482 861 4548 incurva
878 4482 1007 4550 obtusa.
1026 4481 1170 4550 Stamina
1194 4484 1320 4553 inclusa
1335 4487 1461 4572 persis·
