3274 5182
224 357 278 414 761
366 381 368 384 ·
784 373 941 415 ricoinus.
1154 359 1506 435 Meseaabapaatbemum

568 565 689 638 ORD.
719 566 865 639 XLIX.
900 567 1171 640 bicornem

225 677 312 797 Juss'.
331 729 411 797 Gau.
430 733 504 798 alt.
530 769 560 778 -
573 752 636 799 nu.
658 733 780 799 Pnoun.
800 733 862 816 lll,
881 753 912 818 p.
938 737 1001 800 ula
1022 753 1062 801 ex
1080 741 1183 820 parte.
1198 771 1241 784 -
1254 734 1332 800 Brs.
1353 739 1386 802 et
1399 735 1505 803 Hooa.
1635 749 1636 758 ¹

493 843 574 912 Gau.
591 865 622 930 p.
641 848 715 912 851.
735 848 833 932 (exal.
858 848 910 913 Tr.
929 845 1233 934 Moltuplnaarum).

269 1011 382 1076 Floras
401 1013 569 1092 regulares
592 1013 857 1096 hermaphrodili.
878 1013 989 1079 Patala
1016 1013 1184 1080 indefinita
1211 1015 1328 1098 calyois
1352 1014 1433 1081 tubo
1453 1016 1505 1081 in·

224 1104 314 1165 serta
332 1101 385 1164 vel
402 1101 501 1166 nulla.
522 1099 666 1167 Stamina
686 1103 841 1184 perigyna
862 1103 981 1186 calycis
1003 1101 1082 1169 tubo
1098 1104 1224 1170 inserta
1247 1103 1367 1187 saepius
1385 1101 1499 1170 indeli-

224 1187 303 1254 nita.
322 1187 477 1256 Ovarium
504 1190 622 1273 calycis
642 1188 720 1255 tubo
739 1191 894 1256 adnutum
921 1192 972 1256 vel
992 1190 1133 1258 liberum
1153 1209 1192 1257 eo
1219 1193 1384 1260 inclusum
1413 1193 1504 1276 pluri

224 1277 334 1343 rarius
355 1278 576 1350 l-b-loculare,
592 1279 689 1345 ovula
707 1279 827 1362 sepius
850 1297 1025 1346 numerosa
1044 1280 1152 1346 rarius
1172 1281 1319 1347 solitaria
1342 1281 1504 1365 placentis

224 1366 343 1449 angulo
363 1368 498 1432 centrali
512 1367 639 1434 adnatis
658 1368 792 1452 inserta,
807 1369 1024 1451 ampliitropa.
1045 1365 1184 1451 Gapsula
1201 1370 1360 1436 suberosa
1379 1371 1432 1436 vel
1451 1370 1504 1436 in-

226 1455 343 1521 durata
360 1457 451 1539 apice
476 1454 646 1522 loculioide
664 1456 834 1522 dehiscens
852 1459 962 1524 rarius
976 1457 1211 1524 circumscissa.
1232 1458 1505 1542 Embryocurva·

224 1547 279 1610 lus
298 1545 351 1610 val
368 1545 536 1610 annularis
555 1545 708 1611 albumen
734 1547 877 1628 cingens.
900 1584 932 1594 -
959 1545 1047 1612 Ordo
1066 1543 1276 1628 Mollupinaa'e
1306 1547 1395 1633 (quae
1410 1567 1429 1614 a
1447 1549 1504 1614 bo·

224 1633 341 1698 tunicis
366 1634 533 1699 nonnullis
554 1634 804 1717 consociantur)
834 1634 929 1700 valde
948 1635 1052 1700 affinis
1080 1639 1113 1700 61
1138 1634 1178 1699 ab
1212 1636 1259 1702 eis
1288 1636 1505 1702 artificialiter

224 1721 421 1788 staminibus
450 1723 616 1805 parigynis
638 1723 707 1788 lere
727 1727 854 1802 tantum
877 1723 1055 1807 sejunctus.
1075 1723 1286 1791 Trtnrrtbamu
1301 1726 1435 1808 capsula
1453 1726 1507 1791 in-

225 1809 356 1877 terdum
383 1811 575 1877 uniloeulari
607 1811 832 1879 circumscissd
859 1830 980 1879 nexum
1010 1812 1051 1878 ad
1078 1812 1292 1880 Portuluaaoa
1320 1814 1448 1897 praebet
1470 1819 1505 1881 et

224 1900 335 1982 aptius
354 1901 464 1966 forsan
481 1901 528 1966 eia
546 1899 830 1968 adnumeraretur.

504 2137 921 2216 nmlneallllrllullllll
946 2139 993 2231 (b.
1019 2139 1093 2214 Gan.
1125 2138 1213 2234 628).

271 2309 396 2394 Galycis
416 2311 516 2378 lubus
536 2312 646 2378 orario
663 2311 818 2392 adnatus,
841 2311 962 2378 limbus
980 2309 1170 2394 5-partitus.
1196 2311 1307 2376 Patala
1323 2329 1501 2384 numerosa

223 2399 359 2466 linearia
376 2401 495 2482 calyois
516 2400 593 2466 tubo
616 2400 748 2466 inserta.
775 2400 920 2466 Stamina
944 2399 1114 2465 indefinita
1137 2417 1210 2466 oum
1229 2401 1345 2482 petalis
1364 2401 1499 2467 inserta.

227 2486 368 2571 (lapsula
384 2490 628 2572 subpentagona
646 2489 678 2554 in
699 2491 821 2556 nostris
839 2489 1028 2555 5-locularis
1045 2489 1163 2570 calycis
1182 2488 1261 2554 tubo
1288 2489 1390 2555 cincta
1411 2490 1501 2573 apice

227 2575 383 2660 depressa
405 2581 438 2644 et
456 2578 611 2644 slellalim
637 2577 815 2644 dehiscens.
834 2616 876 2625 -
898 2577 1017 2644 Herba
1038 2576 1096 2662 (in
1120 2577 1266 2664 nostris)
1285 2596 1402 2644 annua
1428 2597 1501 2644 car-

228 2683 325 2731 nesae.

272 2910 299 2973 1.
319 2908 372 2974 Μ.
397 2905 713 2990 crystallinum
731 2905 781 2991 (L.
802 2905 856 2988 Sp.
871 2905 951 2991 688)
972 2905 1189 2988 procumbens
1214 2903 1361 2987 undique
1383 2920 1498 2986 grosse

223 2995 639 3081 pellucido-pappulosum,
655 2995 747 3060 caule
771 2994 968 3072 dichotomo‚
995 2994 1079 3060 loliis
1104 2995 1238 3060 alternis
1263 2993 1369 3076 planis
1393 2992 1497 3058 oratis

223 3086 390 3153 undulatis
407 3084 602 3151 radicalibus
622 3084 739 3168 amplis
757 3083 917 3166 petiolatis
938 3083 1106 3167 oppositis,
1124 3082 1352 3166 superioribus
1372 3080 1497 3148 sessili-

221 3175 295 3254 bus‚
311 3173 448 3240 lloribus
465 3171 701 3238 subsessilibus
720 3171 909 3237 ancillaribus
926 3177 959 3237 et
978 3170 1217 3252 terminalibus,
1237 3171 1352 3250 ealycis
1373 3169 1498 3235 laciniis

223 3265 328 3330 oratis
343 3261 550 3345 inaequilatis,
572 3261 686 3344 petalis
709 3261 792 3327 albis
818 3261 925 3343 calyce
949 3261 1206 3344 longioribus&
1226 3260 1277 3344 (ὓ.
1295 3259 1337 3324 lo.
1359 3278 1423 3324 nc.
1448 3256 1496 3322 Pl.

223 3350 338 3420 Grass.
365 3351 428 3416 lab.
460 3351 530 3419 118.
551 3387 591 3398 -
612 3344 660 3416 11.
686 3347 789 3415 Graec.
817 3349 881 3415 tab.
909 3350 986 3415 uel.
1009 3387 1051 3396 —
1071 3348 1113 3414 Μ.
1137 3347 1276 3431 pbroiulc
1289 3348 1379 3414 Hau.
1404 3347 1497 3413 Suoc.

260 3549 337 3604 Hah.
353 3549 384 3603 in
398 3549 531 3604 arenosis
550 3550 707 3605 maritimis
720 3548 769 3604 vel
788 3566 806 3604 a
823 3550 899 3604 mari
916 3563 975 3604 non
992 3547 1081 3618 longe
1102 3549 1230 3618 remotis,
1250 3547 1346 3603 Attica
1358 3545 1498 3616 (Sibthl),

83 3669 90 3677 .
223 3617 372 3692 AEgyptus
385 3619 423 3674 ad
439 3620 653 3676 Alexandriam
665 3620 771 3690 (Cadet
784 3620 821 3676 de
834 3619 1001 3691 Fontenayl
1014 3617 1128 3690 Gailll).

257 3715 305 3770 Ar.
327 3714 425 3784 Geopr.
445 3713 556 3770 lnaulae
579 3715 787 3785 Canarienses‚
808 3714 960 3771 Lusitania
978 3717 1008 3771 61
1027 3713 1174 3786 Hispania
1195 3712 1350 3784 australis,
1372 3711 1501 3780 Corsica,

218 3783 366 3856 Sardinia,
379 3785 463 3840 ltalia
479 3786 628 3857 australis,
639 3785 797 3855 Dalmatia,
809 3786 908 3842 Africa
919 3785 1047 3841 borealis
1062 3787 1092 3841 et
1104 3784 1250 3840 australia.

266 4009 296 4073 1.
313 4009 364 4074 Μ.
382 4005 656 4076 nodillorum
676 4007 727 4092 (L.
748 4005 802 4090 Sp.
815 4005 894 4092 681)
912 4005 1129 4090 procumbens
1146 4004 1198 4070 vel
1214 4003 1395 4070 ascendens
1412 4021 1497 4086 pap·

219 4099 385 4182 pulosum,
413 4099 512 4162 ramis
536 4095 737 4176 dichotomia
758 4095 842 4162 loliis
874 4095 1034 4180 oppositis
1064 4099 1097 4160 et
1125 4094 1260 4160 alternis
1287 4090 1500 4159 filiformibus

220 4185 464 4252 semiteratibus
489 4187 616 4266 obt-usis
640 4185 711 4251 basi
740 4184 854 4251 oiliatis
877 4184 1064 4268 junioribus
1090 4183 1329 4262 canaliculatis,
1359 4178 1501 4246 floribus

220 4275 413 4342 axillaribus
431 4280 464 4341 et
479 4273 706 4341 terminalibus
726 4273 990 4352 subsessilibus,
1011 4273 1128 4356 calycis
1147 4269 1273 4336 laciniis
1290 4265 1500 4337 fililormibus

220 4364 465 4430 semiteratibus
484 4363 710 4447 inaequalibus,
734 4363 852 4445 petalis
872 4362 954 4427 albis
969 4360 1011 4428 ba
1023 4363 1041 4426 ti
1060 4361 1189 4426 flavidis
1212 4359 1320 4442 emyco
1336 4355 1501 4425 breviori-

163 4511 164 4518 ,
219 4451 283 4518 bus
301 4458 350 4530 Θ.
370 4452 411 4518 16.
431 4452 478 4516 Fl.
497 4449 601 4516 Graec.
621 4451 684 4517 tab.
700 4451 774 4516 180.
795 4469 907 4517 —o.u.
921 4450 972 4515 Pl.
994 4449 1105 4515 Grass.
1127 4450 1188 4515 tab.
1202 4451 1253 4516 88.
1268 4485 1310 4495 -
1323 4444 1415 4534 (uolt
1432 4443 1500 4526 ΙΙΙ,

221 4540 367 4624 Prosper
383 4539 491 4624 Alpin.
512 4539 595 4606 loon.
612 4558 631 4604 a
647 4538 779 4606 Linnaeo
798 4539 884 4605 citat.
905 4543 957 4605 661
973 4537 1183 4620 Plunlupc‘aa‘a
1199 4535 1372 4622 speciesll.
