3118 5176
251 294 307 350 202
792 309 1001 350 Laouumosra.
1330 295 1524 370 Glyeyrrlu'su

253 441 345 510 Ssor.
367 443 390 506 1.
421 443 698 508 Euunrcrannmn.
721 479 778 596 —F
789 440 1201 594 {egilmaro-compressum
1221 441 1272 506 ael
1297 441 1523 523 naoniliforau.

774 549 841 595 om
859 549 885 612 p
901 548 1043 611 urnupu.

301 689 328 752 l.
354 688 400 754 G.
425 687 588 774 glabra
612 687 663 771 (L.
682 687 736 770 Sp.
764 688 854 752 1018.
867 723 908 732 -
924 686 1025 766 Regel
1043 692 1076 749 et
1088 683 1216 750 llerder
1228 684 1276 749 Pl.
1290 683 1419 750 Samen.
1434 685 1525 768 1131)

253 777 346 841 (caule
365 783 485 850 erecto,
511 777 595 842 loliis
613 776 771 858 l-i-jugis
795 774 911 840 foliolis
940 774 1087 856 oblongis
1117 773 1168 836 vel
1189 773 1527 856 elliptico-lanceolalis

253 866 357 930 acutis
375 867 425 931 vel
452 867 591 944 obtusis
621 865 758 930 racemis
779 863 937 928 laxilioris
961 863 1044 927 loliis
1073 861 1280 926 brevioribus
1304 861 1356 926 vel
1378 879 1416 926 ea
1437 861 1527 944 paulo

253 955 504 1036 superantibus,
538 953 676 1019 lloribus
709 953 835 1036 parvis,
872 951 1091 1032 leguminibus
1121 950 1300 1015 linearibus
1335 951 1529 1032 compressis

252 1043 459 1108 rectiusculls
480 1053 524 1116 tt.
547 1043 678 1125 Species
698 1042 899 1118 indumento,
912 1040 1064 1106 lbliorum
1077 1040 1190 1116 forma,
1205 1039 1395 1103 lucinianum
1416 1039 1529 1120 calycis

251 1131 454 1213 longitudine
483 1137 515 1197 el
544 1131 799 1210 formationum
827 1132 945 1208 colore,
975 1128 1193 1211 leguminibus
1214 1128 1288 1211 plus
1308 1127 1419 1192 minus
1444 1128 1530 1192 elon-

251 1221 335 1301 gatis
354 1221 476 1301 glabris
497 1221 548 1285 vel
565 1220 721 1284 eebinatis
734 1219 816 1283 mire
831 1222 960 1284 varians
974 1225 1007 1284 et
1018 1218 1081 1283 sub
1094 1220 1160 1298 qua
1175 1215 1410 1298 speciminibus
1421 1234 1531 1282 nume·

252 1309 337 1373 rosis
358 1311 553 1392 comparatis
582 1315 702 1391 praeter
723 1307 760 1372 G.
779 1305 1044 1388 plarcdulrfferom
1062 1311 1095 1371 et
1114 1302 1150 1369 G.
1167 1303 1334 1370 hirsutum
1361 1305 1401 1370 ab
1427 1310 1532 1369 aucto-

251 1395 346 1463 ribus
373 1399 479 1464 citatis
492 1399 559 1480 jam
574 1397 733 1462 attractas
751 1397 923 1462 nonnullas
940 1397 1019 1461 alias
1039 1412 1125 1461 ame
1144 1395 1216 1476 ipso
1232 1394 1327 1476 prius
1347 1393 1531 1476 descriptas

254 1479 291 1550 ut
310 1505 418 1552 meras
437 1487 615 1552 varietates
631 1504 799 1552 enumero.

298 1619 328 1655 α.
346 1589 456 1671 tppicu
470 1589 564 1674 (Reg.
584 1594 617 1654 et
631 1589 728 1654 llertl.
750 1588 808 1654 loc.
828 1587 897 1667 citi
917 1625 958 1634 —
976 1585 1214 1664 Glabriuseula,
1234 1586 1307 1651 lolia
1325 1587 1448 1651 subtus
1464 1587 1534 1667 glu-

252 1678 369 1756 tinosa,
397 1679 514 1761 calycis
542 1678 667 1742 laciniae
686 1677 1005 1742 lineari-lanceolata
1031 1675 1109 1741 tubo
1140 1677 1262 1758 saepius
1293 1673 1535 1755 sublongiores,

254 1767 372 1831 corolla
401 1768 627 1844 caerulescens
659 1767 809 1848 legumen
840 1764 990 1848 glabrum
1020 1767 1272 1848 3-6-spermum.
1302 1801 1343 1811 -
1362 1761 1397 1829 G.
1416 1761 1537 1844 glabro

256 1854 350 1920 Auct.
373 1893 413 1900 -
440 1857 527 1920 Lam.
542 1855 590 1920 lll.
609 1855 672 1919 tab.
695 1857 767 1930 cab,
789 1855 841 1937 fig.
863 1856 893 1918 1.

288 1954 402 2010 Habin
412 1956 531 2032 incultis
539 1959 567 2010 et
575 1955 613 2010 ad
628 1955 705 2038 ripas
714 1955 807 2009 Cariae
816 1971 905 2080 praga
914 1953 1029 2036 Tralles
1037 1953 1137 2022 (Boiss
1146 1955 1174 2024 l),
1182 1953 1276 2078 sitm
1284 1952 1389 2036 barad
1397 1951 1538 2035 Marasch

252 2027 563 2166 {guffirssgfflaussklp
584 2027 702 2081 Taunae
720 2029 749 2081 et
766 2041 848 2097 prov.
893 2041 1093 2080 aucasrcarum
1112 2025 1203 2093 (Lede
1226 2027 1254 2094 .),
1275 2024 1383 2080 Persrae
1403 2023 1537 2109 borealus

296 2181 329 2262 β.
357 2180 508 2245 ciolurcu.
530 2219 573 2227 —
602 2179 829 2246 Glabriuscula
851 2185 887 2245 ut
908 2181 1009 2244 lorma
1039 2179 1241 2261 praecedens
1271 2180 1376 2246 loliola
1405 2181 1539 2245 minora

252 2269 404 2352 elliptica,
435 2269 553 2354 calycis
591 2267 717 2335 laciniae
744 2269 1138 2350 triangulari-lanceolata
1174 2269 1254 2333 tubo
1287 2267 1541 2350 subbreviores,

253 2359 373 2422 corolla
399 2359 557 2438 violacea,
588 2359 739 2439 legumen
766 2357 915 2440 glabrum
947 2359 1044 2440 paulo
1074 2349 1247 2439 angustius
1277 2359 1539 2440 t-l-spermum.

253 2443 293 2510 G.
308 2445 454 2511 ciolareu
475 2447 585 2524 Boias
599 2447 714 2529 Diagn.
734 2447 804 2512 Ser.
823 2447 865 2526 ll,
881 2449 954 2530 υ111.
974 2447 1024 2510 13.

286 2543 363 2599 Hal).
377 2545 407 2599 in
421 2545 588 2616 Babylonia
602 2547 640 2601 ad
653 2547 732 2619 ripas
747 2547 907 2619 Euphratis
920 2549 949 2602 et
961 2546 1091 2618 Tigridis
1105 2547 1181 2617 (Noe'
1191 2549 1219 2617 l),
1235 2545 1346 2619 ubique
1358 2546 1390 2601 in
1406 2545 1544 2618 Assyria

253 2617 282 2671 et
295 2615 463 2687 Babylonia
478 2617 611 2686 (Haussk
620 2619 649 2687 t).

294 2731 323 2790 y.
339 2701 570 2783 glandulaferu
593 2703 686 2788 (Reg.
703 2709 735 2768 el
754 2704 852 2769 llerd.
873 2704 892 2768 l.
910 2703 990 2788 cit).
1005 2738 1047 2752 -
1060 2701 1176 2768 Cautes
1195 2705 1270 2786 plus
1288 2706 1396 2770 minus
1411 2707 1542 2788 pubes-

250 2796 361 2856 centes
379 2792 430 2856 vel
449 2792 814 2875 glandulosoasperuli,
842 2793 917 2858 lolia
938 2793 1057 2860 subtus
1083 2792 1206 2874 saepius
1222 2793 1426 2876 glandulosa‚
1446 2795 1544 2878 legu-

249 2879 337 2942 mina
351 2884 493 2962 sparsim
505 2881 558 2944 vel
571 2881 671 2945 dense
688 2881 1042 2963 echinato-glandulosa
1058 2881 1264 2964 polysperma
1279 2882 1331 2946 vel
1341 2881 1544 2950 abbreviata

251 2969 464 3049 2·3·sperma.
483 3006 525 3016 —
545 2967 581 3034 G.
600 2968 719 3051 plulrru
734 2969 779 3033 Fl.
804 2968 906 3035 Graec.
928 2970 990 3035 lab.
1014 2973 1087 3035 709.
1110 3006 1149 3014 —
1167 2967 1206 3034 G.
1224 2968 1465 3051 pluudrcliferu
1486 2972 1541 3036 W.

249 3056 287 3119 K.
311 3055 414 3138 Hung.
428 3059 492 3122 tab.
515 3059 567 3121 al.
581 3095 621 3104 —
640 3055 676 3124 G.
691 3057 824 3122 lrlrsutu
841 3059 919 3124 Pall.
935 3096 976 3105 —
990 3058 1026 3124 G.
1047 3056 1274 3140 praeligari-pa
1288 3057 1395 3124 Boias.
1413 3060 1544 3144 Diagn.

249 3142 319 3209 Ser.
341 3145 365 3224 l,
385 3147 403 3208 b
421 3145 539 3230 (torma
558 3147 721 3228 legumine
738 3147 955 3230 abbreviato).

285 3244 361 3298 Hab.
374 3246 404 3299 ln
418 3251 478 3300 tota
491 3247 600 3301 ditione
613 3247 755 3302 aGraeoia
766 3246 877 3315 (Sibtbl
889 3246 929 3302 Or
950 3249 998 3318 111)
1008 3249 1047 3304 ad
1057 3247 1173 3318 Syriam
1200 3247 1249 3302 Bl!
1262 3247 1344 3303 Galil
1353 3249 1383 3316 l),
1397 3248 1543 3305 Persian]

248 3315 407 3370 australem
420 3317 543 3387 (Auchi)
562 3321 591 3372 et
608 3318 779 3373 orientalem
793 3318 902 3389 (Bgel),
922 3265 1152 3374 barlaamum
1171 3249 1278 3388 (ibelim
1289 3321 1317 3388 t),
1337 3318 1550 3389 Affghaniam

249 3386 373 3456 (earn).

294 3473 322 3537 δ.
338 3470 530 3550 pallidu—
552 3473 633 3538 Tota
651 3473 759 3555 calyce
779 3476 913 3556 excepto
931 3473 1140 3555 eglandulosa
1156 3473 1300 3556 crispulo
1316 3478 1350 3538 et
1363 3473 1549 3556 adpressi-

248 3561 362 3625 uscule
381 3561 475 3640 hirta,
491 3561 611 3626 racemi
628 3562 702 3626 lolio
720 3561 894 3643 longiores,
914 3564 1008 3644 calyx
1020 3567 1142 3646 prater
1160 3563 1243 3644 pilos
1263 3562 1430 3645 crispulos
1445 3565 1550 3645 glan-

248 3648 334 3714 dulis
353 3649 525 3715 sessilibus
540 3668 698 3732 aspersus
711 3650 835 3715 laciniis
854 3651 1122 3716 lineari-setaceis
1134 3651 1213 3716 tubo
1227 3651 1392 3734 subdupla
1409 3651 1552 3736 longio-

247 3737 353 3818 ribus,
374 3739 769 3804 corollaalbido-rubella.
789 3737 953 3820 legumen
970 3739 1182 3821 ignotum-
1212 3738 1249 3804 G.
1270 3737 1400 3819 pallida
1425 3739 1551 3810 BoisS.

247 3825 360 3907 Diagn.
380 3825 451 3891 Ser.
474 3826 513 3904 ll,
534 3829 564 3906 1,
585 3847 615 3910 p.
633 3829 684 3892 11.

281 3923 357 3978 Hab.
372 3924 402 3977 iu
416 3924 541 3992 Assyria
553 3925 591 3979 ad
604 3923 762 3980 Diarbekir
773 3926 849 3994 (Noe
859 3927 887 3994 l).

280 4009 328 4064 Ar.
349 4008 448 4077 (iacgr.
468 4009 627 4080 Lusitania,
647 4010 800 4081 Hispania,
821 4011 915 4078 ltalia,
936 4009 1093 4080 Dalmatia,
1109 4011 1190 4082 regio
1211 4009 1398 4082 Danubialis,
1421 4013 1554 4070 Bossia

244 4079 342 4134 media
356 4084 384 4135 et
397 4080 545 4149 australia,
559 4081 709 4150 Songaria‚
728 4082 827 4136 Africa
840 4081 976 4136 borealis

290 4283 319 4346 b.
345 4282 390 4349 G.
414 4283 669 4368 asperrima
696 4283 746 4359 tt.
776 4284 821 4348 lil.
856 4283 969 4368 Suppl.
1002 4284 1082 4369 aab)
1112 4285 1320 4368 glabresccns
1354 4287 1397 4352 ad
1417 4293 1555 4360 caules

243 4371 382 4453 petiolos
400 4390 522 4438 nervos
541 4375 574 4436 et
590 4372 794 4454 pedunculos
813 4373 888 4456 plus
907 4374 1018 4440 minus
1039 4375 1351 4459 spinulam-aspera,
1375 4380 1554 4450 caulibus

244 4459 498 4525 ascendentibus
524 4461 665 4542 pumilio,
693 4462 779 4527 loliis
809 4462 966 4545 ta-Jugis
988 4463 1107 4529 loliolis
1133 4465 1280 4530 obovatis
1311 4472 1554 4554 maerebatis,
